2594 3943
260 172 340 214 5T8
899 176 1126 213 CRONICA
1157 176 1339 214 DUCUM
1370 177 1439 213 DE
1468 176 1794 217 BRUNSWICK.

260 294 335 334 fuit
376 292 453 332 illis
493 292 751 348 temporibus
783 293 941 348 populo
981 293 1158 335 ecclesie
1198 294 1265 336 dei
1305 295 1431 350 plaga
1467 294 1701 346 maxima⁰‚
1747 295 1820 350 qui
1857 295 1901 336 in
1938 296 2120 338 Francia
2156 302 2197 338 et
2233 294 2426 352 partibus

260 358 448 400 ‹swciduis
486 361 624 400 omnia
663 359 887 401 crudeliter
915 370 1227 403 vnsmverunt1.
1286 362 1396 418 Ipsis
1435 363 1478 402 in
1517 360 1781 403 Theutoniab
1811 361 1956 405 Bruno
1994 369 2035 405 et
2069 362 2351 420 Tanquardus
2382 363 2427 403 in

261 441 384 467 mann
434 426 573 468 valida
612 436 885 468 occurrerunt
923 435 965 469 et
1008 442 1103 469 cum
1145 429 1203 471 cis
1239 428 1533 483 confligentes,
1581 435 1622 470 et
1659 427 1844 484 gloriosa
1882 429 1934 472 de
1974 431 2035 472 eis
2064 431 2209 472 habita
2237 430 2427 482 victoria,

259 509 353 534 cum
392 494 444 535 ad
483 509 557 534 sna
599 495 802 546 redirent,
844 494 1125 537 inundacione
1165 497 1283 549 gravi
1334 496 1533 537 imbrium
1573 497 1831 552 p01·ierunt².
1898 497 2023 540 Oddo
2059 504 2220 551 autem,
2261 497 2334 554 qui
2372 496 2425 539 de

257 560 454 602 fratribus
494 561 570 602 fuit
605 571 838 616 superstes,
879 561 967 603 dux
1005 564 1190 604 Saxonic
1230 564 1414 615 exstitit,
1466 579 1643 619 regnum
1683 564 1994 618 Romanorum,
2037 565 2137 621 quia
2183 563 2426 619 grandevus
2454 581 2470 605 ⁵

257 628 403 672 fuerat.
435 630 657 670 recusavit.
717 629 840 670 Unde
871 629 1093 671 Com-udus
1124 631 1165 671 in
1196 646 1338 686 regem
1369 630 1633 673 concorditer
1663 637 1726 673 est
1755 631 1928 673 electus.

395 700 432 736 13.
493 698 586 748 Quo
618 698 702 737 cito
734 706 913 749 mortuo,
946 697 987 737 in
1018 712 1160 752 regem
1191 698 1392 739 ssim-icus
1413 700 1588 754 primus,
1620 698 1814 741 Oddonis
1834 698 1961 752 filius,
1992 698 2043 740 de
2074 711 2282 740 consensu
2311 699 2425 755 prin-

256 764 395 818 cipum
428 772 490 804 cst
522 772 750 819 promotus.
810 764 895 806 Istc
917 764 1139 818 I-Ienricus‚
1172 764 1224 806 de
1246 765 1473 807 Vinkclerc
1504 766 1643 808 dictus
1655 773 1684 820 ⁸,
1716 781 1916 808 coronam
1945 781 2041 808 raro
2071 765 2151 807 sibi
2180 767 2384 822 imposuit
2396 773 2425 819 ⁴,

256 831 328 872 sed
360 846 534 885 regnum
568 830 779 873 humiliter
806 831 1070 887 gubernavit.
1130 832 1461 875 Brandenborch
1492 834 1664 888 urbem,
1705 849 1833 890 super
1869 833 2051 889 glaciem
2082 840 2220 876 castra
2248 847 2425 889 ponens,

255 900 538 953 expugnavit,
576 898 725 940 Slavos
748 898 903 940 devicit
917 906 944 950 ⁵,
985 899 1010 940 9
1051 909 1284 941 annorumc
1316 900 1519 943 tributum
1549 901 1717 943 solvens
1758 901 1883 943 simul
1921 908 1963 943 et
1992 902 2158 943 interim
2195 901 2426 943 Saxoniam
2455 914 2489 938 10

255 968 460 1010 muniens.
492 966 702 1021 [ngat-os,
733 965 887 1022 quibus
914 966 1104 1010 Saxones
1131 969 1340 1010 tributarii
1363 976 1494 1022 erant,
1525 969 1661 1022 eiecit,
1692 975 1734 1011 et
1755 977 1902 1012 contra
1925 969 2128 1011 insultum
2155 968 2426 1023 Ungarorum

256 1034 439 1075 Saxonic
471 1034 596 1089 opida
627 1035 825 1082 munivit:
857 1035 975 1076 iuxta
997 1035 1272 1091 XVagcrsleve
1303 1038 1358 1077 50
1388 1036 1503 1077 milia
1532 1036 1803 1092 Ungarorum
1835 1052 1931 1079 cum
1961 1044 2143 1093 quatuor
2170 1035 2341 1078 milibus
2382 1036 2427 1077 in

255 1101 386 1157 prelio
418 1110 708 1157 supe1-antur⁶.
767 1103 904 1144 Misne
929 1112 1111 1145 montem
1147 1112 1291 1145 contra
1320 1103 1468 1145 Slavos
1501 1106 1730 1147 construit⁷
1769 1111 1811 1147 et
1841 1105 1990 1147 urbem
2017 1102 2426 1160 Qucdelingeboreh,

255 1170 295 1210 in
332 1185 413 1225 qua
452 1171 808 1225 congregaciones
847 1170 1050 1212 nobilium
1090 1171 1339 1212 feminarum
1380 1172 1582 1225 instituit,
1632 1173 1706 1214 ubi
1742 1171 1872 1213 filiam
1907 1173 2058 1214 suamd
2101 1172 2283 1228 primam
2333 1186 2425 1214 esse

254 1236 384 1279 voluit
416 1236 686 1279 abbatissam.
746 1238 800 1279 Et
831 1247 877 1280 ut
907 1246 1017 1279 esset
1047 1239 1218 1279 domina
1246 1241 1503 1296 principum,
1533 1239 1684 1296 predia
1711 1239 1946 1296 largissime
1976 1239 2172 1293 donavit,
2203 1239 2424 1282 ecelesiam
2454 1256 2487 1281 15

254 1305 292 1345 in
336 1305 492 1346 honore
530 1306 661 1347 sancti
693 1305 881 1347 Servacii
918 1305 1103 1347 dedicari
1134 1307 1232 1348 fecit
1267 1314 1308 1348 et
1347 1307 1389 1347 in
1424 1307 1492 1349 die
1523 1307 1808 1350 dedieaeionis
1849 1308 1892 1349 in
1920 1307 2141 1349 refectorio
2171 1305 2424 1349 dominabus

258 1375 300 1413 ll
336 1373 514 1416 sei-cula.
556 1375 600 1413 11
635 1372 837 1414 mensalia
866 1374 1078 1430 preciosa,
1120 1375 1167 1414 11
1201 1373 1316 1415 milia
1346 1390 1589 1417 mansorum
1619 1375 1885 1418 ministravit.
1944 1375 2028 1417 Hic
2058 1375 2284 1431 imperavit
2312 1388 2423 1416 anno

253 1440 410 1482 domini
441 1442 522 1482 §⁸20
553 1450 592 1482 ct
628 1441 675 1481 18
706 1441 851 1482 annis⁰
882 1442 1088 1496 regnavit.

391 1509 428 1550 3.
488 1508 600 1549 Huic
631 1516 748 1550 erant
776 1519 860 1550 tres
891 1508 977 1561 filii,
1008 1509 1151 1550 Bruno
1181 1509 1526 1567 archiepiscopus
1557 1510 1834 1564 Coloniensis,
1867 1510 1968 1554 Otto
2000 1512 2162 1567 primus
2192 1510 2423 1566 imperator

253 1588 291 1617 et
333 1576 532 1616 [linricus
587 1574 675 1616 dux
721 1575 912 1617 Bavarie.
994 1575 1187 1628 Quorum
1233 1584 1368 1619 mater
1418 1578 1496 1620 fuit
1543 1578 1699 1621 domna
1742 1578 1981 1621 Meehtildis
2029 1579 2082 1621 de
2126 1577 2422 1634 Ringelheym,
2450 1595 2486 1622 20

253 1659 369 1684 soror
418 1643 599 1698 Reyncri
651 1653 689 1684 et
740 1642 1003 1695 Ymmothif‚
1065 1644 1137 1699 qui
1188 1644 1357 1687 fuerunt
1414 1645 1466 1687 de
1527 1647 1686 1688 semine
1740 1648 1853 1702 regis
1901 1646 2121 1689 Saxonum
2158 1645 2422 1690 Widekindi.

256 1710 553 1766 Wydekindus
584 1726 658 1752 rex
691 1710 908 1752 Saxonum
945 1725 969 1751 a
999 1718 1144 1753 sancto
1174 1712 1395 1754 Bonifacio
1425 1712 1684 1769 baptisatus,
1729 1714 1782 1756 de
1822 1728 1942 1756 sacro
1972 1714 2086 1757 fonte
2116 1729 2142 1755 a
2169 1712 2329 1755 Karolo
2360 1720 2425 1755 est

251 1778 410 1819 levatus
425 1785 452 1819 ⁶.
512 1778 595 1830 Qui
625 1780 772 1833 genuit
793 1777 1101 1832 wichbertum,
1132 1779 1408 1822 VViehbertus
1428 1780 1686 1823 Walcerum.
1747 1781 1832 1834 Qui
1862 1782 1915 1825 ob
1945 1782 2222 1824 devocionem
2243 1781 2422 1823 Romam

250 1847 420 1891 vadens,
450 1861 473 1886 a
506 1846 646 1887 Leone
677 1860 786 1902 papa
818 1846 999 1887 obtinuit
1027 1861 1182 1903 corpus
1212 1848 1425 1903 integrum
1456 1850 1589 1891 sancti
1617 1848 1879 1904 Allexandri,
1909 1849 1982 1891 filii
2013 1856 2159 1892 sancte
2174 1849 2421 1902 Felicitatis,

251 1914 363 1970 quud
408 1913 707 1954 lVildeshusen
746 1912 979 1955 collocavit.
1106 1915 1207 1958 Otto
1247 1915 1441 1958 fundavit
1484 1917 1777 1973 episcopatum
1820 1918 2232 1974 Magdeburgensem
2246 1924 2278 1959 ἔ.
2336 1915 2422 1958 Iste
2448 1928 2485 1954 25

251 1983 290 2022 in
322 1982 388 2022 die
429 1996 554 2037 pasce
585 1981 866 2034 homicidam,
898 1982 969 2037 qui
999 1983 1093 2038 ipso
1124 1983 1192 2024 die
1228 1983 1502 2026 homicidium
1538 1992 1854 2041 perpetraverat
1893 1993 1934 2028 et
1975 1986 2019 2027 in
2052 1986 2193 2042 ipsum
2231 1985 2421 2036 irruerat,

250 2065 273 2088 a
304 2059 423 2089 reatu
461 2047 641 2090 absolvit
679 2056 738 2101 et,
783 2064 834 2090 ne
877 2049 1028 2106 aliquis
1068 2051 1104 2092 ei
1145 2050 1348 2094 molestus
1386 2059 1515 2105 esset,
1557 2053 1740 2095 strictius
1768 2054 2006 2110 imperavit.
2119 2052 2203 2094 Iste
2240 2053 2422 2108 primam

250 2132 425 2158 uxorem
466 2116 611 2158 habuit
652 2115 781 2157 Edith
820 2118 1008 2172 reginam
1048 2117 1100 2160 de
1128 2117 1301 2173 Aug-lia,
1343 2119 1395 2161 de
1436 2133 1520 2176 qua
1547 2120 1695 2175 genuit
1723 2120 1951 2163 Ludolfum
1980 2120 2133 2163 ducem
2164 2121 2419 2163 Suevorum.

251 2184 376 2225 Edith
423 2184 527 2225 obiit
569 2198 679 2224 anno
723 2184 826 2237 947,
874 2186 909 2225 7.
955 2185 1050 2226 Kal.
1095 2186 1221 2228 Febr.
1235 2195 1262 2227 ⁹.
1414 2186 1654 2229 Secundam
1701 2203 1879 2231 uxorem
1923 2189 2072 2231 habuit
2115 2187 2420 2244 Adelheydem,

250 2253 300 2294 de
342 2266 425 2308 qua
464 2253 610 2306 genuit
642 2251 840 2293 Ottonem
878 2252 1046 2305 Rufum,
1085 2253 1383 2310 imperatorem
1412 2254 1469 2296 II.
1497 2254 1744 2297 Adelheidis
1774 2256 1879 2299 obiit
1907 2258 2007 2310 999,
2050 2257 2115 2298 16.
2144 2255 2240 2297 Kal.
2270 2257 2360 2298 Ian.
2374 2263 2420 2297 ¹⁰.
2446 2265 2482 2291 30

387 2321 426 2359 4.
487 2319 588 2360 Otto
614 2319 670 2362 ΙΙ.
710 2318 778 2360 vel
817 2319 996 2361 Rufus¹¹
1041 2321 1093 2362 dc
1134 2321 1432 2378 Theophania,
1472 2321 1559 2363 filia
1601 2323 1715 2379 regis
1756 2323 2235 2381 Constantinopolitani,
2274 2323 2422 2379 genuit

251 2389 447 2428 ottonem
479 2387 654 2429 tercium
693 2387 1002 2442 imperatorem.
1062 2388 1276 2443 Hinricus,
1307 2389 1436 2432 frater
1465 2390 1635 2433 Ottonis
1665 2392 1804 2448 primi,
1834 2393 1984 2447 genuit
2011 2392 2237 2433 Hinricum
2267 2391 2419 2433 ducem

270 2455 439 2496 {ax-arie.
472 2455 542 2509 qui
576 2454 722 2496 ottoni
752 2455 882 2496 tercio
913 2456 1116 2498 successit
1144 2457 1187 2497 in
1217 2466 1410 2512 regn012.
1512 2458 1668 2501 Ottone
1697 2460 1828 2501 tercio
1849 2460 2063 2514 defuncto,
2092 2460 2333 2516 principes¹¹
2364 2460 2420 2502 ad

247 2521 491 2562 electionem
522 2523 632 2577 regis
673 2523 715 2562 in
745 2521 899 2563 Polede
931 2531 1227 2566 convenerunt.
1295 2524 1351 2566 Et
1380 2528 1500 2568 cumi
1543 2532 1792 2569 tractaretur
1829 2527 1881 2569 de
1917 2527 2165 2581 Ekehardo,
2201 2526 2419 2570 Ekehardi

247 2588 498 2629 marchionis
539 2587 763 2631 Orientalis
803 2589 907 2642 filio,
948 2592 1019 2646 qui
1059 2599 1148 2633 erat
1186 2592 1304 2634 dives
1345 2600 1385 2634 et
1423 2600 1649 2650 prepotens
1683 2602 1724 2637 et
1753 2594 1939 2636 marchio
1967 2593 2206 2649 Orientalis,
2237 2594 2419 2637 Sifridus
2443 2607 2479 2634 35

247 2667 285 2697 et
318 2656 473 2706 Uenno,
512 2656 584 2697 filii
620 2658 785 2698 comitis
823 2657 966 2699 Sifridi
1007 2657 1058 2699 de
1088 2659 1417 2714 Burnenborch,
1464 2676 1561 2703 eum
1597 2662 1748 2704 comite
1785 2662 2011 2704 Thiderico
2058 2662 2110 2704 de
2146 2661 2418 2718 Katelinghe-

247 2723 375 2765 borch
407 2725 545 2780 ipsum
578 2723 853 2766 Ekehardum
883 2724 1041 2767 ibidem
1072 2727 1114 2767 in
1144 2726 1300 2769 Polede
1331 2727 1587 2771 occiderunt.
1647 2730 1730 2783 Qui
1768 2729 1823 2772 ad
1850 2729 2029 2772 fundum
2059 2730 2304 2773 hereditatis
2343 2743 2416 2772 sue

392 2885 411 2904 a
416 2885 429 2915 )
456 2885 542 2916 gens
570 2887 595 2907 ο.
625 2886 667 2906 zu
695 2875 745 2907 he.
846 2876 883 2916 b)
910 2876 1091 2909 theutonia
1118 2877 1170 2909 Ιιε.
1272 2876 1308 2919 0)
1335 2880 1468 2920 annom
1494 2879 1545 2912 Ιιε.
1646 2879 1685 2923 (1)
1712 2880 1853 2924 darauf
1873 2881 1918 2913 iet
1943 2881 2006 2914 der
2029 2891 2131 2914 name
2158 2880 2341 2914 ausradirc
2362 2879 2415 2914 Ῐιε.

246 2946 281 2974 e»
300 2934 334 2976 f.
355 2934 405 2967 hs.
505 2935 534 2977 s)
561 2935 626 2967 das
654 2936 767 2968 :meite
793 2947 825 2968 m
849 2937 891 2967 iet
919 2936 1099 2969 ausradirt
1125 2937 1178 2970 Ῐιε.
1277 2937 1318 2981 g)
1346 2939 1465 2982 magd.
1493 2940 1545 2974 hs.
1644 2939 1683 2984 h)
1710 2942 1875 2985 princeps
1901 2941 1953 2975 hs.
2052 2941 2081 2984 i)
2106 2945 2191 2974 tunc
2217 2941 2268 2974 hs.

389 3076 425 3120 1')
451 3075 529 3120 Vql.
547 3076 678 3110 Heinr.
696 3076 877 3120 Hersord.
893 3091 922 3113 3.
941 3077 1005 3124 57,
1025 3090 1076 3112 wo
1092 3078 1263 3113 Helmold
1278 3079 1310 3122 I,
1328 3078 1365 3117 3.
1386 3079 1421 3116 5.
1439 3080 1460 3114 6
1487 3081 1626 3116 benutzt
1641 3081 1700 3125 iet,
1717 3083 1794 3118 und
1808 3094 1837 3117 8.
1853 3081 1917 3120 74.
1995 3081 2034 3128 2)
2057 3082 2135 3128 Vql.
2154 3081 2291 3117 ebenda
2305 3093 2334 3116 8.
2348 3081 2412 3116 74.
2437 3090 2476 3115 40

249 3144 287 3180 52„
319 3143 471 3187 Auceps
502 3143 596 3180 Ann.
627 3143 730 3179 Saxo
769 3144 859 3178 919.
985 3146 1024 3191 4)
1055 3145 1147 3182 Ann.
1179 3145 1283 3180 Saxo
1314 3146 1391 3181 919
1428 3148 1506 3193 gibt
1544 3148 1603 3184 die
1633 3150 1831 3196 erzc't'lzlunq
1863 3149 2080 3185 Widulcinds
2109 3149 2142 3193 I,
2167 3148 2240 3194 26‚·
2277 3149 2410 3184 Heinr.

250 3209 428 3252 Ile-[ford.
459 3222 487 3244 ε.
513 3211 560 3244 74
592 3211 655 3245 hae
684 3223 887 3258 numquam
918 3216 1003 3247 statt
1033 3223 1133 3257 raro,
1174 3225 1250 3247 was
1270 3213 1479 3259 jedensalle
1506 3218 1807 3263 urepric'nqlielcer
1834 3215 1894 3255 iat.
1961 3217 2048 3252 Den
2075 3217 2267 3263 gedanken
2299 3217 2413 3263 ychen

248 3278 338 3311 aueh
378 3279 436 3311 die
473 3279 567 3316 Ana.
599 3279 719 3316 Palid.
763 3280 860 3314 924:
905 3284 986 3315 toto
1024 3280 1135 3325 regni
1184 3280 1242 3315 sui
1282 3284 1456 3327 tempore
1500 3294 1681 3319 coronam
1720 3284 1838 3330 capiti
1878 3295 1946 3319 suo
1984 3284 2130 3329 imponi
2169 3283 2410 3319 contradixit.

249 3345 270 3377 5
276 3363 286 3389 J
319 3346 392 3378 Aue
411 3346 506 3383 Ann.
528 3346 632 3381 Saxo
651 3346 727 3379 927
744 3348 920 3385 merdich.
981 3347 1002 3381 6
1007 3361 1019 3394 )
1049 3348 1126 3394 Vql.
1145 3348 1205 3383 die
1221 3348 1514 3393 ausfichrliclcere
1530 3351 1730 3398 erzc‘cltlunq
1750 3353 1816 3387 der
1839 3352 1948 3390 Crem,
1969 3352 2063 3388 Sax.
2085 3363 2115 3390 8.
2130 3351 2194 3389 73.
2256 3351 2293 3400 7)
2314 3351 2410 3386 Ama.

248 3412 349 3445 Scrsco
382 3412 473 3449 922.
589 3418 627 3458 ὅ)
659 3414 760 3449 Dan
797 3414 998 3449 Wz‘dnln'nd
1025 3428 1096 3451 von
1125 3415 1348 3459 Bonifacius
1374 3416 1519 3462 yetaufc
1558 3419 1634 3454 und
1672 3431 1744 3455 von
1772 3420 1872 3455 Karl
1911 3431 1979 3454 aus
2018 3420 2084 3454 der
2111 3418 2216 3463 cause
2251 3418 2410 3464 qehoben
2435 3431 2472 3456 45

247 3479 308 3519 sei,
339 3479 454 3522 fimlet
474 3480 550 3514 sich
582 3481 616 3514 in
647 3482 712 3515 der
741 3481 822 3515 Vita
842 3481 1063 3518 Maamildie
1083 3483 1195 3527 prior
1225 3495 1255 3521 c.
1279 3483 1301 3518 2
1333 3483 1423 3526 (SS.
1447 3485 1503 3530 X)
1533 3486 1611 3521 und
1631 3487 1818 3531 posterior
1846 3499 1876 3521 c.
1900 3487 1922 3521 2
1954 3485 2045 3531 (SS.
2065 3486 2154 3532 IV).
2255 3485 2292 3532 9)
2313 3485 2408 3523 Arm.

249 3544 350 3579 Sam
383 3545 473 3582 947.
600 3548 663 3594 10)
693 3549 786 3585 Ana.
819 3549 923 3584 Saxo
955 3549 1053 3594 999,
1091 3562 1120 3584 ε.
1146 3549 1236 3587 644.
1369 3552 1434 3598 11)
1463 3551 1585 3587 Rufus
1619 3565 1687 3589 aus
1715 3554 1811 3591 Arm.
1841 3553 1946 3590 Samo
1977 3552 2069 3590 974.
2200 3552 2264 3600 12)
2293 3553 2409 3588 Βίεεε

248 3612 458 3657 qeroealoqie
487 3613 532 3648 iet
564 3614 735 3660 richtz'qer
766 3620 870 3651 arder«
903 3630 933 3653 c.
957 3617 992 3653 5.
