2594 3943
166 588 182 614 5

144 930 180 956 10

142 1275 177 1300 15

140 1617 177 1642 20

139 1954 175 1980 25

861 185 1092 222 CRONICA
1121 185 1306 222 DUOUM
1336 185 1408 221 DE
1436 185 1764 225 BRUNSWICK.
2317 182 2399 225 583

211 307 254 344 et
295 301 476 343 Bavarie
489 308 519 354 ἃ,
551 308 702 357 quarta
737 303 883 345 comiti
928 303 1223 346 Tolosanob-1.
1294 301 1533 356 Johannes,
1578 303 1753 345 chrici
1798 304 1928 358 filius,
1973 305 2098 348 duxit
2140 305 2298 347 filiam²
2358 314 2399 349 et

208 370 357 425 genuit
395 369 632 411 Henricum
671 385 815 426 regem
844 370 998 427 Anglie
1043 378 1084 414 et
1126 370 1388 413 Richardum
1437 370 1616 413 electum
1656 370 1934 414 Allemannie.
2011 374 2237 428 Hinricus,
2286 374 2396 416 filius

207 437 429 491 Johannis,
460 438 584 480 duxit
613 437 744 480 filiam
774 439 939 483 comitis
961 439 1210 481 Provincie³
1249 445 1292 481 et
1329 440 1476 494 genuit
1504 438 1707 480 domnum
1741 440 2028 482 Eadwardum
2056 458 2199 498 regem
2227 442 2395 499 Anglie,

209 507 284 561 qui
310 520 425 547 nunc
450 512 602 562 regnat
614 513 643 548 ⁴.
757 506 883 548 Amio
915 507 1075 548 domini
1111 508 1229 550 1183.
1260 507 1365 549 obiit
1391 506 1594 548 Hinricus
1624 507 1764 548 iunior
1793 515 1888 550 ante
1920 517 2095 564 patrem.
2157 511 2263 553 1186
2294 511 2398 552 obiit

209 572 481 615 Godefridus.
545 575 650 616 1189
682 575 787 617 obiit
816 575 1021 616 Hinricus
1058 590 1135 617 rex
1164 574 1320 630 Anglie
1352 575 1510 628 senior;
1550 575 1619 615 cui
1651 577 1854 617 successit
1884 576 1994 618 filius
2026 578 2115 619 cius
2146 577 2395 620 Richardus.

205 641 444 684 Richardus
476 641 581 685 obiit
615 643 740 696 11993
772 649 813 685 et
852 644 1059 685 successit
1099 643 1136 684 01
1180 643 1308 684 frater
1343 643 1434 683 eius
1462 642 1692 696 Johannes,
1727 645 1797 700 qui
1832 644 1936 686 obiit
1967 646 2089 698 121‹;;
2121 652 2162 687 et
2193 648 2397 688 suecessit

205 710 246 751 01
275 708 386 751 filius
417 710 507 752 eius
539 710 758 752 Hinricus.
817 709 903 763 Qui
935 710 1039 753 obiit
1072 711 1180 752 1270
1193 718 1222 764 ⁵,
1253 717 1294 752 et
1324 711 1530 752 successit
1560 711 1598 752 01
1628 712 1808 752 (1011111115
1840 712 2104 754 Eatwardus.

348 779 413 822 15.
486 777 682 820 Mortuo⁰
738 778 917 820 Hinrico
948 778 1024 819 VI.
1068 778 1323 834 imperatore
1378 784 1419 820 et
1468 778 1594 820 fratrc
1650 780 1740 820 cius
1795 779 1994 836 Philippo
2039 795 2063 821 a
2109 781 2295 837 palatino
2345 781 2396 823 de

205 845 584 902 Wetelingesbach
614 846 857 900 interfecto,
897 861 1008 887 anno
1039 846 1199 888 domini
1234 846 1343 888 1210
1356 853 1384 899 ⁶,
1427 845 1608 888 domnus
1648 848 1748 890 Otto
1781 856 1954 903 quartus
1995 849 2038 889 in
2069 850 2294 905 imperium
2335 857 2397 892 est

202 922 461 971 assumptus.
527 914 612 956 Hic
643 915 767 956 duxit
795 929 974 956 uxorem
1007 914 1285 968 Beatrioemd‚
1316 915 1428 970 regis
1450 914 1639 971 Philippi
1670 914 1813 968 filiam,
1845 932 1926 972 que
1958 916 2061 958 obiit
2091 932 2201 958 anno
2232 917 2393 959 domini

206 982 354 1036 1213=‚
384 984 424 1025 3.
455 983 577 1025 Ydus
608 982 810 1038 Augusti.
869 982 1025 1024 Postea
1061 982 1184 1024 duxit
1213 981 1409 1033 Mariam,
1451 996 1638 1023 sororem
1669 982 1789 1025 ducis
1825 984 2083 1038 Brabancic3
2123 984 2175 1026 dc
2215 1000 2395 1041 quarum

203 1050 321 1092 nulla
363 1049 529 1092 111111111Ε
571 1050 720 1092 habuit
763 1064 1066 1092 successorem.
1131 1050 1183 1092 In
1229 1050 1413 1091 crastino
1463 1050 1598 1092 Mario
1635 1050 1915 1106 Magdaleness
1967 1061 2112 1094 contra
2151 1052 2397 1109 Philippum

204 1132 351 1175 regem
380 1119 562 1161 Francie
600 1118 815 1171 conflixit,
857 1118 978 1160 1214.
1045 1117 1201 1160 Tribus
1239 1118 1360 1159 annis
1397 1118 1441 1158 in
1477 1132 1584 1173 pace
1618 1119 1732 1161 bona
1760 1122 1956 1174 regnavit
1968 1129 1997 1173 ⁹,
2040 1128 2085 1163 ut
2128 1121 2247 1177 pacis
2288 1119 2397 1161 filius

208 1192 250 1229 et
278 1202 356 1229 rex
395 1186 602 1243 pacificus
641 1192 787 1243 posset
830 1187 980 1228 merito
1022 1185 1241 1242 appellari.
1297 1186 1398 1228 Fuit
1437 1187 1549 1227 enim
1580 1201 1756 1242 corpore
1786 1187 2010 1241 robustus,
2041 1190 2183 1230 animo
2215 1189 2397 1244 quietus,

202 1269 279 1311 pro
310 1254 454 1297 debito
486 1255 748 1296 auctoritatis
785 1254 997 1296 iusticiam
1033 1253 1212 1310 diligens
1249 1243 1291 1296 01
1328 1267 1405 1310 pro
1441 1254 1596 1296 affectu
1632 1255 1802 1311 pietatis
1843 1257 2006 1297 miseris
2038 1257 2394 1298 condescendens.

204 1322 345 1376 Quem
374 1323 498 1379 virga
535 1322 836 1375 correccionis,
883 1323 928 1363 in
967 1323 1106 1378 ipsum
1137 1323 1395 1365 sentenciam
1431 1320 1760 1364 ecclesiasticam
1801 1323 2063 1379 promulgari
2100 1323 2396 1380 permittendo,

202 1390 399 1432 dominus
441 1391 657 1447 corripuit.
729 1388 771 1431 A
800 1405 884 1446 quo
920 1397 1063 1433 tamen
1100 1391 1436 1433 misericordiam
1473 1405 1559 1432 non
1588 1390 1774 1432 abstulit.
1833 1391 1943 1433 Nam
1982 1392 2102 1434 bellis
2140 1399 2397 1448 provocatus

202 1465 246 1502 ct
283 1458 599 1501 incursionibus
639 1458 839 1501 incendia
875 1465 916 1500 et
955 1459 1079 1502 cedes
1113 1458 1335 1501 hominum
1370 1459 1545 1501 horruit.
1613 1459 1801 1500 Maxime
1841 1467 1983 1502 autem
2020 1475 2092 1501 eor
2132 1461 2221 1502 eius
2259 1460 2398 1515 tetigit

202 1533 245 1569 et
274 1528 415 1582 anxit,
447 1526 562 1584 quod
599 1527 690 1569 sedi
718 1527 932 1569 Romanef
966 1527 1214 1570 inobediens
1245 1527 1466 1570 diceretur.
1537 1526 1660 1569 Unde
1698 1534 1739 1569 et
1770 1543 1888 1570 orare
1921 1527 2104 1582 solebat,
2147 1528 2261 1585 quod
2298 1543 2395 1570 eum

203 1594 401 1637 dominus
444 1595 774 1637 misericorditer
810 1594 1050 1638 absolveret
1096 1603 1138 1639 et
1177 1596 1230 1638 de
1270 1611 1371 1651 rege
1408 1593 1566 1636 utiliori
1608 1596 1863 1651 provideret.
1936 1597 2118 1638 Factum
2148 1604 2212 1638 est
2241 1602 2393 1649 autem,

201 1669 250 1705 ut
291 1662 509 1705 electionis
561 1678 636 1705 sue
681 1677 791 1704 anno
831 1663 931 1706 20.g
976 1664 1021 1705 in
1058 1662 1351 1706 Hartesborch
1394 1669 1629 1704 moreretur
1679 1664 1724 1704 in
1768 1665 2026 1707 contricione
2069 1672 2109 1707 et
2148 1664 2393 1717 devocione,

201 1732 310 1774 sicut
339 1731 573 1774 secundum
612 1730 862 1772 hominumh
901 1737 1068 1788 poterat
1110 1731 1363 1784 iudiciumi,
1402 1737 1444 1773 et
1483 1745 1509 1772 a
1537 1731 1640 1773 viris
1685 1731 1768 1774 fide
1808 1732 1949 1787 dignis
1987 1739 2029 1774 et
2067 1734 2153 1774 suis
2186 1733 2393 1775 confesso-

200 1800 318 1843 ribus
348 1800 549 1854 enarrari,
580 1813 690 1840 anno
712 1798 875 1840 domini
906 1800 1027 1854 1218,
1059 1801 1124 1842 14.
1145 1800 1297 1842 Kalen.
1326 1800 1451 1841 Iunii.
1510 1799 1611 1841 Fuit
1639 1805 1781 1841 autem
1812 1799 2001 1857 sepultus
2032 1802 2076 1842 in
2105 1802 2210 1844 urbe
2236 1802 2393 1843 Bruns--

200 1868 314 1911 wiek
362 1883 458 1909 cum
512 1881 647 1909 uxore
683 1866 878 1910 Beatrice
933 1875 975 1910 et
1017 1875 1137 1925 patre
1183 1869 1363 1910 Hinrico
1399 1867 1542 1909 Leone
1593 1873 1634 1909 et
1681 1875 1814 1910 matre
1853 1869 2080 1911 Mechtilde
2130 1870 2175 1911 in
2214 1869 2393 1911 ecclesia

200 1938 335 1979 sancti
354 1935 487 1978 Blasii
516 1942 614 1978 ante
644 1934 834 1977 chorum.
891 1936 995 1978 Post
1015 1937 1179 1979 obitum
1209 1937 1300 1978 eius
1331 1936 1502 1977 cuidam
1523 1936 1833 1978 sanctimoniali
1862 1938 1996 1979 saneti
2016 1937 2248 1979 Borchardi
2277 1936 2392 1992 apud

199 2003 503 2058 Halberstadk,
546 2017 626 2059 pro
662 2003 756 2059 ipso
799 2005 952 2059 oranti,
1002 2004 1116 2047 idem
1153 2004 1254 2047 Otto
1305 2004 1506 2060 apparuit
1558 2011 1600 2047 et
1636 2011 1749 2046 certo
1781 2005 1901 2060 signo
1933 2005 2149 2062 exposuit,
2195 2005 2309 2062 quod
2339 2005 2390 2046 de

198 2074 320 2130 penis
351 2078 522 2129 ereptus
565 2077 677 2113 esset
706 2077 748 2113 et
787 2071 832 2112 in
870 2073 1185 2114 misericordias
1223 2072 1382 2114 domini
1423 2072 1756 2115 misericorditer
1785 2074 2027 2116 introiisset.

341 2141 405 2182 16.
464 2139 705 2182 Henricus¹
737 2139 940 2197 denique,
979 2140 1109 2182 frater
1139 2141 1330 2185 Ottonis,
1372 2141 1510 2196 primo
1557 2140 1681 2183 duxit
1711 2156 1890 2182 uxorem
1921 2142 1972 2183 dc
2003 2142 2145 2195 Reno,
2177 2156 2274 2182 cum
2305 2155 2391 2197 qua

144 2234 151 2237 κ
201 2208 385 2252 obtinuit
422 2206 583 2250 Palacii
622 2208 934 2264 principatum3
985 2208 1037 2251 de
1077 2223 1162 2266 qua
1200 2209 1307 2253 duas
1338 2208 1445 2251 filias
1481 2210 1651 2265 genuit,
1698 2208 1858 2251 scilicet
1895 2209 2140 2251 Herinck¹⁰
2178 2209 2391 2253 ducissam

137 2295 174 2320 30

137 2635 173 2662 35

134 3051 173 3077 40

199 2277 384 2319 Bavarie
405 2281 448 2318 et
469 2275 821 2317 marchionissam
842 2277 895 2319 de
915 2276 1125 2319 Badenss.
1194 2278 1326 2331 Quem
1348 2277 1486 2319 eidem
1506 2279 1551 2319 in
1573 2277 1806 2320 hereditate
1826 2278 2082 2319 Brunswick
2104 2277 2390 2331 succedentes,

199 2360 294 2387 eam
323 2345 502 2401 imperio
531 2343 829 2387 vendiderunt.
942 2344 1142 2387 Mulieres
1172 2352 1315 2388 autem
1337 2346 1521 2402 quedam
1543 2345 1730 2388 Saxonie
1759 2344 1952 2402 patribus
1983 2347 2068 2387 suis
2098 2347 2142 2387 in
2165 2352 2253 2388 tota
2274 2346 2390 2387 here-

200 2412 332 2456 ditate
366 2411 551 2455 totaliter
584 2426 671 2454 non
710 2413 945 2455 succedunt
991 2418 1166 2469 propter
1208 2413 1487 2469 obprobrium
1525 2414 1629 2456 iuris
1670 2414 1785 2470 quod
1815 2413 2017 2469 Suaveyn
2057 2414 2233 2467 dicitur,
2274 2413 2389 2469 quod

199 2483 424 2524 incurrunt
458 2496 514 2523 ex
543 2495 613 2534 eo,
653 2480 769 2537 quod
807 2480 909 2522 dum
941 2481 1133 2523 Saxones
1177 2482 1228 2522 12
1262 2481 1384 2522 annis
1431 2480 1487 2523 ad
1526 2481 1858 2538 expugnandam
1896 2481 2098 2538 Angliam
2144 2481 2388 2534 defuissent,

200 2549 399 2606 Suaveyn
442 2549 674 2591 Saxoniam
710 2549 974 2591 intraverunt
1011 2555 1054 2591 et
1093 2549 1362 2605 quorundam
1412 2550 1620 2592 uxoribus
1665 2555 1763 2591 sunt
1805 2550 1942 2592 abusi.
2012 2550 2254 2592 Saxonibus
2291 2556 2390 2605 post

202 2618 254 2660 12
274 2632 407 2659 annos
435 2616 724 2671 redeuntibus,
756 2617 940 2673 quedam
972 2615 1170 2658 mulieres
1205 2616 1260 2658 ad
1283 2616 1475 2659 Saxones
1504 2618 1617 2659 viros
1645 2618 1844 2675 pristinos
1865 2618 2093 2671 redierunt,
2124 2617 2203 2660 alie
2236 2617 2388 2660 Suevis

199 2685 401 2729 adulteris
436 2685 704 2728 adheserunt.
762 2685 889 2727 Unde
920 2689 1173 2738 statuerunt,
1206 2684 1322 2741 quod
1350 2684 1548 2728 mulieres
1586 2686 1640 2728 ad
1675 2687 1790 2728 viros
1820 2686 2019 2742 pristinos
2050 2700 2136 2728 non
2165 2686 2387 2727 redeuntes

198 2759 286 2796 tam
313 2754 358 2796 in
378 2769 436 2808 50,
468 2768 597 2810 quam
626 2755 672 2796 in
700 2752 869 2796 filiabus
899 2753 985 2795 suis
1011 2753 1246 2795 secundum
1275 2755 1356 2807 ius,
1398 2753 1513 2809 quod
1543 2752 1741 2809 Suaveyn
1772 2754 1939 2807 dicitur,
1971 2753 2328 2796 exheredarentur
2340 2760 2387 2795 1².

346 2920 383 2960 a)
408 2918 541 2951 bauare
566 2918 620 2952 ks.
710 2916 751 2961 b)
777 2917 941 2951 rolosano
956 2917 1007 2951 ks.
1109 2916 1145 2961 c)
1171 2918 1210 2950 M
1232 2917 1270 2961 f.
1289 2917 1341 2951 hs.
1443 2917 1481 2962 d)
1509 2919 1679 2952 batricem
1706 2918 1758 2952 hs.
1861 2917 1897 2961 e)
1923 2918 2033 2951 ullum
2055 2918 2092 2962 f.
2110 2918 2161 2951 hs.
2261 2915 2291 2960 f)
2313 2916 2387 2950 fedi

197 2982 259 3012 roe
293 2977 345 3012 723.
469 2977 510 3022 g)
538 2979 584 3011 20
612 2978 650 3022 f.
687 2978 775 3012 elme
801 2978 898 3012 liicke
931 2978 984 3012 ks.
1109 2977 1150 3022 h)
1185 2979 1365 3012 hominem
1400 2978 1451 3013 hs.
1574 2981 1600 3022 i)
1636 2980 1721 3013 oder
1754 2979 1927 3013 indicium
1961 2980 2013 3012 hs.
2139 2976 2180 3021 k)
2217 2976 2304 3010 halb·
2334 2977 2386 3011 hs.

198 3037 228 3083 1)
254 3039 290 3072 H
313 3039 351 3084 f.
369 3039 422 3073 hs.
521 3036 573 3082 m)
601 3039 670 3080 Qui
696 3039 748 3072 hs.
848 3037 888 3082 n)
914 3050 1050 3083 suauey
1075 3039 1127 3073 hs.

342 3193 380 3240 1)
407 3193 586 3229 Jolzanna
615 3205 696 3228 war
723 3197 842 3229 επεν-ει
870 3192 935 3228 mic
972 3193 1136 3228 Willzelm
1151 3194 1208 3232 ΙΙ,
1239 3206 1311 3229 von
1339 3194 1509 3238 Sicilien,
1541 3192 1691 3238 darauf
1713 3194 1776 3229 mit
1806 3193 2069 3231 Rccz'mzdeI.
2100 3205 2172 3229 von
2206 3192 2385 3228 Toulouse

197 3261 454 3298 verheirathet.
515 3261 554 3308 2)
584 3261 682 3297 Hier
710 3260 840 3305 feklen
869 3261 931 3296 die
958 3265 1071 3296 worte
1101 3261 1254 3297 comitis
1285 3261 1609 3308 Engolismensis.
1684 3262 1763 3307 Vyz.
1793 3261 1944 3295 Albrz’elz
1981 3273 2008 3295 s.
2039 3260 2132 3299 874.
2196 3260 2261 3296 Sie
2289 3260 2384 3295 kiess

196 3329 373 3374 Isabella,
405 3341 484 3364 war
513 3329 574 3364 die
603 3329 741 3364 toehter
768 3329 951 3365 Ademars
980 3341 1053 3364 von
1082 3329 1307 3375 Anyouleme
1335 3331 1413 3365 und
1441 3329 1643 3365 heiratlcete
1672 3330 1711 3364 in
1740 3328 1883 3364 zweiter
1913 3329 1975 3363 elie
2004 3329 2118 3375 Huqo
2147 3327 2282 3374 qrafen
2314 3340 2382 3363 von

197 3396 370 3435 Mar-che.
458 3397 497 3444 3)
526 3397 724 3442 Eleonore,
755 3398 893 3432 toclzter
922 3397 1115 3433 Raimzmd
1143 3399 1360 3444 Berenyczrs
1380 3397 1452 3436 IV.
1541 3397 1580 3445 4)
1614 3397 1903 3434 1272—1307.
1991 3397 2028 3441 5)
2060 3397 2239 3431 Vielmelzr
2263 3396 2381 3433 1272.

134 3484 173 3510 45
200 3464 239 3512 6)
275 3465 456 3501 Vielmehr
488 3465 609 3502 1209.
726 3465 764 3512 7)
803 3465 984 3500 Vielmelzr
1015 3464 1134 3500 1212.
1253 3466 1293 3514 8)
1323 3467 1411 3502 Das
1438 3465 1487 3501 ist
1516 3466 1583 3500 der
1613 3465 1678 3503 23.
1701 3465 1802 3509 juli;
1842 3465 1901 3499 (lie
1931 3464 2093 3499 scklaelzt
2137 3463 2193 3498 bei
2221 3463 2383 3498 Bovines

189 3530 295 3575 sand
323 3533 414 3568 aber
442 3545 503 3568 am
534 3532 598 3570 27.
629 3536 728 3568 state.
818 3532 853 3579 9)
893 3533 972 3580 Vyl.
993 3532 1127 3568 Heinr.
1149 3533 1332 3578 Herford.
1364 3545 1410 3569 ex
1442 3532 1556 3570 Cron.
1589 3532 1679 3570 Sax.
1708 3545 1737 3570 s.
1763 3532 1856 3571 174.
1948 3532 2013 3579 10)
2042 3532 2176 3577 A971e3‚
2196 3531 2382 3578 ⁸(Jemahlin

202 3599 304 3636 Otcos
322 3601 379 3638 ΙΙ.
410 3613 481 3636 von
511 3601 669 3639 Baiern.
758 3600 824 3648 11)
853 3601 1042 3647 Irmyard,
1071 3601 1260 3647 qemahlin
1289 3602 1503 3636 Her-manns
1530 3601 1570 3638 V.
1603 3612 1675 3636 von
1704 3602 1852 3636 Badetz.
1960 3600 2023 3647 12)
2055 3599 2179 3635 Sowol
2208 3600 2274 3634 der
2302 3599 2381 3634 hier

198 3668 429 3714 anqeyebene
457 3669 661 3704 materielle
689 3668 809 3704 inhalt
838 3669 901 3704 des
930 3669 1069 3704 rechtes
1099 3670 1167 3704 der
1194 3669 1508 3714 Nordschwaben,
1540 3669 1598 3704 als
1627 3668 1722 3704 auch
1752 3668 1812 3704 die
1840 3668 2070 3714 anwendunq
2099 3666 2175 3712 auf
2198 3667 2267 3702 den
2297 3679 2378 3703 vor·

196 3734 387 3782 lieqenden
407 3735 489 3781 fall
517 3737 565 3773 ist
593 3737 782 3774 durckaus
811 3737 927 3783 ἐτη-ἐφ·
953 3738 1028 3786 vyl.
1060 3737 1147 3782 Ssp.
1177 3737 1209 3785 I,
1245 3736 1307 3781 17,
1335 3737 1372 3775 2.
