<?xml version="1.0" encoding="UTF-8"?>
<!DOCTYPE html PUBLIC "-//W3C//DTD XHTML 1.0 Transitional//EN"
    "http://www.w3.org/TR/xhtml1/DTD/xhtml1-transitional.dtd">
<html xmlns="http://www.w3.org/1999/xhtml" xml:lang="en" lang="en">
 <head>
  <title>
</title>
<meta http-equiv="Content-Type" content="text/html;charset=utf-8" />
  <meta name='ocr-system' content='tesseract 3.04.00' />
  <meta name='ocr-capabilities' content='ocr_page ocr_carea ocr_par ocr_line ocrx_word'/>
</head>
<body>
  <div class='ocr_page' id='page_1' title='image "./monumentagescrip02geseuoft_0614.png"; bbox 0 0 2594 3943; ppageno 0'>
   <div class='ocr_carea' id='block_1_1' title="bbox 246 162 1788 207">
    <p class='ocr_par' dir='ltr' id='par_1_1' title="bbox 246 162 1788 207">
     <span class='ocr_line' id='line_1_1' title="bbox 246 162 1788 207; baseline -0.005 0"><span class='ocrx_word' id='word_1_1' title='bbox 246 165 327 207; x_wconf 71' lang='lat'>582</span> <span class='ocrx_word' id='word_1_2' title='bbox 887 164 1116 202; x_wconf 83' lang='lat' dir='ltr'>CRONICA</span> <span class='ocrx_word' id='word_1_3' title='bbox 1145 164 1331 202; x_wconf 87' lang='lat' dir='ltr'><strong>DUCUM</strong></span> <span class='ocrx_word' id='word_1_4' title='bbox 1361 164 1430 200; x_wconf 91' lang='lat' dir='ltr'>DE</span> <span class='ocrx_word' id='word_1_5' title='bbox 1460 162 1788 200; x_wconf 85' lang='lat' dir='ltr'>BRUNSWICK.</span> 
     </span>
    </p>
   </div>
   <div class='ocr_carea' id='block_1_2' title="bbox 230 278 2478 2641">
    <p class='ocr_par' dir='ltr' id='par_1_2' title="bbox 239 278 2459 748">
     <span class='ocr_line' id='line_1_2' title="bbox 242 278 2418 342; baseline -0.002 -15"><span class='ocrx_word' id='word_1_6' title='bbox 242 285 396 342; x_wconf 84' lang='lat' dir='ltr'>sepulti</span> <span class='ocrx_word' id='word_1_7' title='bbox 438 291 532 325; x_wconf 87' lang='lat' dir='ltr'>sunt</span> <span class='ocrx_word' id='word_1_8' title='bbox 572 282 738 338; x_wconf 66' lang='lat' dir='ltr'>Rikyza</span> <span class='ocrx_word' id='word_1_9' title='bbox 776 283 1026 338; x_wconf 72' lang='lat' dir='ltr'>imperatrix</span> <span class='ocrx_word' id='word_1_10' title='bbox 1071 289 1137 324; x_wconf 80' lang='lat' dir='ltr'>et⁸</span> <span class='ocrx_word' id='word_1_11' title='bbox 1176 282 1388 324; x_wconf 77' lang='lat' dir='ltr'>Hem-icus</span> <span class='ocrx_word' id='word_1_12' title='bbox 1435 280 1522 321; x_wconf 80' lang='lat' dir='ltr'>dux</span> <span class='ocrx_word' id='word_1_13' title='bbox 1562 278 1760 333; x_wconf 83' lang='lat' dir='ltr'><strong>Catulus,</strong></span> <span class='ocrx_word' id='word_1_14' title='bbox 1799 294 1931 335; x_wconf 88' lang='lat' dir='ltr'>gener</span> <span class='ocrx_word' id='word_1_15' title='bbox 1969 281 2105 336; x_wconf 82' lang='lat' dir='ltr'>regis,</span> <span class='ocrx_word' id='word_1_16' title='bbox 2147 295 2258 323; x_wconf 89' lang='lat' dir='ltr'>anno</span> <span class='ocrx_word' id='word_1_17' title='bbox 2299 281 2418 334; x_wconf 86' lang='lat'>1139,</span> 
     </span>
     <span class='ocr_line' id='line_1_3' title="bbox 240 346 2418 404; baseline -0.002 -9"><span class='ocrx_word' id='word_1_18' title='bbox 240 356 278 396; x_wconf 80' lang='lat'>4.</span> <span class='ocrx_word' id='word_1_19' title='bbox 311 351 404 393; x_wconf 83' lang='lat' dir='ltr'>Kal.</span> <span class='ocrx_word' id='word_1_20' title='bbox 437 349 732 392; x_wconf 46' lang='lat' dir='ltr'>Novembris&amp;</span> <span class='ocrx_word' id='word_1_21' title='bbox 804 350 887 391; x_wconf 83' lang='lat' dir='ltr'>Iste</span> <span class='ocrx_word' id='word_1_22' title='bbox 928 349 1016 390; x_wconf 80' lang='lat' dir='ltr'>dux</span> <span class='ocrx_word' id='word_1_23' title='bbox 1055 356 1232 391; x_wconf 86' lang='lat' dir='ltr'>matrem</span> <span class='ocrx_word' id='word_1_24' title='bbox 1270 349 1418 391; x_wconf 90' lang='lat' dir='ltr'>habuit</span> <span class='ocrx_word' id='word_1_25' title='bbox 1454 347 1731 403; x_wconf 81' lang='lat' dir='ltr'>Wilphildem</span> <span class='ocrx_word' id='word_1_26' title='bbox 1770 346 1901 388; x_wconf 88' lang='lat' dir='ltr'>filiam</span> <span class='ocrx_word' id='word_1_27' title='bbox 1941 347 2060 389; x_wconf 89' lang='lat' dir='ltr'>ducis</span> <span class='ocrx_word' id='word_1_28' title='bbox 2101 348 2268 404; x_wconf 78' lang='lat' dir='ltr'>Magni,</span> <span class='ocrx_word' id='word_1_29' title='bbox 2306 348 2418 390; x_wconf 87' lang='lat' dir='ltr'>unde</span> 
     </span>
     <span class='ocr_line' id='line_1_4' title="bbox 241 414 2418 473; baseline -0.003 -11"><span class='ocrx_word' id='word_1_30' title='bbox 241 433 278 462; x_wconf 83' lang='lat' dir='ltr'>et</span> <span class='ocrx_word' id='word_1_31' title='bbox 312 419 485 462; x_wconf 74' lang='lat' dir='ltr'>Catulus</span> <span class='ocrx_word' id='word_1_32' title='bbox 517 419 603 459; x_wconf 70' lang='lat' dir='ltr'>sive</span> <span class='ocrx_word' id='word_1_33' title='bbox 633 417 759 473; x_wconf 69' lang='lat' dir='ltr'>well»</span> <span class='ocrx_word' id='word_1_34' title='bbox 791 417 1030 461; x_wconf 78' lang='lat' dir='ltr'>dicebatur:</span> <span class='ocrx_word' id='word_1_35' title='bbox 1062 424 1224 472; x_wconf 84' lang='lat' dir='ltr'>patrem</span> <span class='ocrx_word' id='word_1_36' title='bbox 1255 430 1355 457; x_wconf 82' lang='lat' dir='ltr'>vero</span> <span class='ocrx_word' id='word_1_37' title='bbox 1372 416 1595 456; x_wconf 87' lang='lat' dir='ltr'>Hinricum</span> <span class='ocrx_word' id='word_1_38' title='bbox 1626 414 1775 456; x_wconf 85' lang='lat' dir='ltr'>ducem</span> <span class='ocrx_word' id='word_1_39' title='bbox 1806 414 2012 468; x_wconf 87' lang='lat' dir='ltr'>Bawarie,</span> <span class='ocrx_word' id='word_1_40' title='bbox 2045 416 2117 471; x_wconf 90' lang='lat' dir='ltr'>qui</span> <span class='ocrx_word' id='word_1_41' title='bbox 2137 415 2268 472; x_wconf 83' lang='lat' dir='ltr'>Niger</span> <span class='ocrx_word' id='word_1_42' title='bbox 2296 429 2418 457; x_wconf 87' lang='lat' dir='ltr'>voca-</span> 
     </span>
     <span class='ocr_line' id='line_1_5' title="bbox 240 481 2418 542; baseline -0.002 -15"><span class='ocrx_word' id='word_1_43' title='bbox 240 489 373 530; x_wconf 83' lang='lat' dir='ltr'>batur.</span> <span class='ocrx_word' id='word_1_44' title='bbox 434 487 569 542; x_wconf 80' lang='lat' dir='ltr'>Igitur</span> <span class='ocrx_word' id='word_1_45' title='bbox 610 486 809 526; x_wconf 74' lang='lat' dir='ltr'>nim-icus</span> <span class='ocrx_word' id='word_1_46' title='bbox 848 485 980 540; x_wconf 79' lang='lat' dir='ltr'>Niger</span> <span class='ocrx_word' id='word_1_47' title='bbox 1020 500 1073 526; x_wconf 84' lang='lat' dir='ltr'>cx</span> <span class='ocrx_word' id='word_1_48' title='bbox 1104 483 1335 539; x_wconf 75' lang='lat' dir='ltr'>Wilphilde</span> <span class='ocrx_word' id='word_1_49' title='bbox 1372 483 1519 538; x_wconf 76' lang='lat' dir='ltr'>genuit</span> <span class='ocrx_word' id='word_1_50' title='bbox 1556 482 1780 523; x_wconf 88' lang='lat' dir='ltr'>Hinricum</span> <span class='ocrx_word' id='word_1_51' title='bbox 1813 481 2030 535; x_wconf 82' lang='lat' dir='ltr'>Catulum,</span> <span class='ocrx_word' id='word_1_52' title='bbox 2071 497 2275 537; x_wconf 81' lang='lat' dir='ltr'>generum</span> <span class='ocrx_word' id='word_1_53' title='bbox 2304 483 2418 538; x_wconf 83' lang='lat' dir='ltr'>regis</span> 
     </span>
     <span class='ocr_line' id='line_1_6' title="bbox 240 549 2459 606; baseline -0.002 -9"><span class='ocrx_word' id='word_1_54' title='bbox 240 555 425 597; x_wconf 87' lang='lat' dir='ltr'>Luderii.</span> <span class='ocrx_word' id='word_1_55' title='bbox 487 554 687 594; x_wconf 77' lang='lat' dir='ltr'>Hinricus</span> <span class='ocrx_word' id='word_1_56' title='bbox 724 552 899 594; x_wconf 76' lang='lat' dir='ltr'>Catulus</span> <span class='ocrx_word' id='word_1_57' title='bbox 930 552 982 593; x_wconf 87' lang='lat' dir='ltr'>de</span> <span class='ocrx_word' id='word_1_58' title='bbox 1015 551 1254 594; x_wconf 83' lang='lat' dir='ltr'>thrtrude</span> <span class='ocrx_word' id='word_1_59' title='bbox 1285 550 1369 592; x_wconf 86' lang='lat' dir='ltr'>filia</span> <span class='ocrx_word' id='word_1_60' title='bbox 1399 551 1511 605; x_wconf 87' lang='lat' dir='ltr'>regis</span> <span class='ocrx_word' id='word_1_61' title='bbox 1540 550 1665 590; x_wconf 89' lang='lat' dir='ltr'>unica</span> <span class='ocrx_word' id='word_1_62' title='bbox 1694 550 1841 605; x_wconf 85' lang='lat' dir='ltr'>genuit</span> <span class='ocrx_word' id='word_1_63' title='bbox 1869 549 2095 591; x_wconf 91' lang='lat' dir='ltr'>Hinricum</span> <span class='ocrx_word' id='word_1_64' title='bbox 2114 549 2314 604; x_wconf 79' lang='lat' dir='ltr'>Leonem,</span> <span class='ocrx_word' id='word_1_65' title='bbox 2344 551 2417 606; x_wconf 90' lang='lat' dir='ltr'>qui</span> <span class='ocrx_word' id='word_1_66' title='bbox 2443 566 2459 592; x_wconf 87' lang='lat'>5</span> 
     </span>
     <span class='ocr_line' id='line_1_7' title="bbox 240 616 2417 679; baseline -0.003 -13"><span class='ocrx_word' id='word_1_67' title='bbox 240 640 292 666; x_wconf 78' lang='lat' dir='ltr'>ex</span> <span class='ocrx_word' id='word_1_68' title='bbox 323 635 440 679; x_wconf 83' lang='lat' dir='ltr'>patre</span> <span class='ocrx_word' id='word_1_69' title='bbox 482 621 587 662; x_wconf 77' lang='lat' dir='ltr'>duos</span> <span class='ocrx_word' id='word_1_70' title='bbox 626 620 803 661; x_wconf 75' lang='lat' dir='ltr'>ducatus</span> <span class='ocrx_word' id='word_1_71' title='bbox 833 620 1027 661; x_wconf 82' lang='lat' dir='ltr'>Bawarie</span> <span class='ocrx_word' id='word_1_72' title='bbox 1067 626 1108 660; x_wconf 89' lang='lat' dir='ltr'>et</span> <span class='ocrx_word' id='word_1_73' title='bbox 1139 619 1324 661; x_wconf 82' lang='lat' dir='ltr'>Saxonie</span> <span class='ocrx_word' id='word_1_74' title='bbox 1356 618 1557 671; x_wconf 82' lang='lat' dir='ltr'>obtinuit,</span> <span class='ocrx_word' id='word_1_75' title='bbox 1595 632 1649 659; x_wconf 84' lang='lat' dir='ltr'>ex</span> <span class='ocrx_word' id='word_1_76' title='bbox 1679 622 1812 659; x_wconf 77' lang='lat' dir='ltr'>matre</span> <span class='ocrx_word' id='word_1_77' title='bbox 1849 618 2151 674; x_wconf 82' lang='lat' dir='ltr'>proprietatem</span> <span class='ocrx_word' id='word_1_78' title='bbox 2187 617 2232 658; x_wconf 91' lang='lat' dir='ltr'>in</span> <span class='ocrx_word' id='word_1_79' title='bbox 2260 616 2417 659; x_wconf 85' lang='lat' dir='ltr'>Bruns-</span> 
     </span>
     <span class='ocr_line' id='line_1_8' title="bbox 239 689 613 748; baseline -0.005 -18"><span class='ocrx_word' id='word_1_80' title='bbox 239 692 348 748; x_wconf 57' lang='lat' dir='ltr'>wig-li</span> <span class='ocrx_word' id='word_1_81' title='bbox 380 689 567 746; x_wconf 77' lang='lat' dir='ltr'>possedit</span> <span class='ocrx_word' id='word_1_82' title='bbox 587 696 613 728; x_wconf 79' lang='lat'>2.</span> 
     </span>
    </p>

    <p class='ocr_par' dir='ltr' id='par_1_3' title="bbox 234 751 2478 1486">
     <span class='ocr_line' id='line_1_9' title="bbox 383 751 2416 811; baseline -0.002 -12"><span class='ocrx_word' id='word_1_83' title='bbox 383 759 442 799; x_wconf 72' lang='lat'>12.</span> <span class='ocrx_word' id='word_1_84' title='bbox 503 755 856 811; x_wconf 66' lang='lat' dir='ltr'>&#39;remporibusb-22</span> <span class='ocrx_word' id='word_1_85' title='bbox 887 753 1033 795; x_wconf 87' lang='lat' dir='ltr'>Karoli</span> <span class='ocrx_word' id='word_1_86' title='bbox 1064 761 1153 796; x_wconf 91' lang='lat' dir='ltr'>erat</span> <span class='ocrx_word' id='word_1_87' title='bbox 1183 754 1354 810; x_wconf 87' lang='lat' dir='ltr'>quidem</span> <span class='ocrx_word' id='word_1_88' title='bbox 1385 752 1550 806; x_wconf 88' lang='lat' dir='ltr'>Ethico,</span> <span class='ocrx_word' id='word_1_89' title='bbox 1581 753 1782 809; x_wconf 87' lang='lat' dir='ltr'>princeps</span> <span class='ocrx_word' id='word_1_90' title='bbox 1812 766 2007 807; x_wconf 84' lang='lat' dir='ltr'>magnus,</span> <span class='ocrx_word' id='word_1_91' title='bbox 2039 751 2112 808; x_wconf 90' lang='lat' dir='ltr'>qui</span> <span class='ocrx_word' id='word_1_92' title='bbox 2141 766 2219 808; x_wconf 91' lang='lat' dir='ltr'>pro</span> <span class='ocrx_word' id='word_1_93' title='bbox 2249 753 2416 807; x_wconf 84' lang='lat' dir='ltr'>generis</span> 
     </span>
     <span class='ocr_line' id='line_1_10' title="bbox 239 818 2415 878; baseline -0.002 -12"><span class='ocrx_word' id='word_1_94' title='bbox 239 829 301 868; x_wconf 68' lang='lat' dir='ltr'>sui</span> <span class='ocrx_word' id='word_1_95' title='bbox 333 825 585 869; x_wconf 69' lang='lat' dir='ltr'>excellencia</span> <span class='ocrx_word' id='word_1_96' title='bbox 618 822 720 863; x_wconf 87' lang='lat' dir='ltr'>nulli</span> <span class='ocrx_word' id='word_1_97' title='bbox 751 822 969 862; x_wconf 87' lang='lat' dir='ltr'>hominum</span> <span class='ocrx_word' id='word_1_98' title='bbox 1001 836 1077 878; x_wconf 87' lang='lat' dir='ltr'>pro</span> <span class='ocrx_word' id='word_1_99' title='bbox 1109 821 1274 877; x_wconf 87' lang='lat' dir='ltr'>pheodo</span> <span class='ocrx_word' id='word_1_100' title='bbox 1296 820 1517 863; x_wconf 87' lang='lat' dir='ltr'>humiliare</span> <span class='ocrx_word' id='word_1_101' title='bbox 1547 836 1591 862; x_wconf 90' lang='lat' dir='ltr'>se</span> <span class='ocrx_word' id='word_1_102' title='bbox 1611 819 1793 862; x_wconf 88' lang='lat' dir='ltr'>volebat.</span> <span class='ocrx_word' id='word_1_103' title='bbox 1851 819 1984 862; x_wconf 85' lang='lat' dir='ltr'>Cuius</span> <span class='ocrx_word' id='word_1_104' title='bbox 2014 819 2144 860; x_wconf 88' lang='lat' dir='ltr'>filiam</span> <span class='ocrx_word' id='word_1_105' title='bbox 2163 818 2415 862; x_wconf 87' lang='lat' dir='ltr'>Lodewicus</span> 
     </span>
     <span class='ocr_line' id='line_1_11' title="bbox 236 886 2478 945; baseline -0.004 -8"><span class='ocrx_word' id='word_1_106' title='bbox 236 912 323 938; x_wconf 73' lang='lat' dir='ltr'>rex,</span> <span class='ocrx_word' id='word_1_107' title='bbox 355 894 463 935; x_wconf 79' lang='lat' dir='ltr'>tilius</span> <span class='ocrx_word' id='word_1_108' title='bbox 494 890 653 934; x_wconf 77' lang='lat' dir='ltr'>Karoli,</span> <span class='ocrx_word' id='word_1_109' title='bbox 685 890 805 931; x_wconf 79' lang='lat' dir='ltr'>duxit</span> <span class='ocrx_word' id='word_1_110' title='bbox 837 890 879 930; x_wconf 90' lang='lat' dir='ltr'>in</span> <span class='ocrx_word' id='word_1_111' title='bbox 909 903 1100 933; x_wconf 85' lang='lat' dir='ltr'>uxorem.</span> <span class='ocrx_word' id='word_1_112' title='bbox 1160 890 1252 931; x_wconf 88' lang='lat' dir='ltr'>IIcc</span> <span class='ocrx_word' id='word_1_113' title='bbox 1283 889 1492 945; x_wconf 83' lang='lat' dir='ltr'>persuasit</span> <span class='ocrx_word' id='word_1_114' title='bbox 1521 889 1720 942; x_wconf 90' lang='lat' dir='ltr'>Hinrico,</span> <span class='ocrx_word' id='word_1_115' title='bbox 1761 887 1982 930; x_wconf 88' lang='lat' dir='ltr'>Ethiconis</span> <span class='ocrx_word' id='word_1_116' title='bbox 2021 886 2130 940; x_wconf 91' lang='lat' dir='ltr'>filio,</span> <span class='ocrx_word' id='word_1_117' title='bbox 2169 886 2288 928; x_wconf 87' lang='lat' dir='ltr'>fratri</span> <span class='ocrx_word' id='word_1_118' title='bbox 2325 901 2414 940; x_wconf 86' lang='lat' dir='ltr'>suo,</span> <span class='ocrx_word' id='word_1_119' title='bbox 2442 905 2478 930; x_wconf 83' lang='grc' dir='ltr'>ιο</span> 
     </span>
     <span class='ocr_line' id='line_1_12' title="bbox 238 954 2415 1011; baseline -0.004 -8"><span class='ocrx_word' id='word_1_120' title='bbox 238 977 278 1005; x_wconf 82' lang='grc'>111</span> <span class='ocrx_word' id='word_1_121' title='bbox 324 961 504 1003; x_wconf 71' lang='lat' dir='ltr'>vasallus</span> <span class='ocrx_word' id='word_1_122' title='bbox 546 960 664 999; x_wconf 83' lang='lat' dir='ltr'>fieret</span> <span class='ocrx_word' id='word_1_123' title='bbox 704 958 783 997; x_wconf 74' lang='lat' dir='ltr'>viri</span> <span class='ocrx_word' id='word_1_124' title='bbox 826 957 889 998; x_wconf 88' lang='lat' dir='ltr'>sui</span> <span class='ocrx_word' id='word_1_125' title='bbox 926 957 1153 999; x_wconf 84' lang='lat' dir='ltr'>Lodewici.</span> <span class='ocrx_word' id='word_1_126' title='bbox 1221 958 1317 1009; x_wconf 77' lang='lat' dir='ltr'>Quo</span> <span class='ocrx_word' id='word_1_127' title='bbox 1362 963 1619 1009; x_wconf 80' lang='lat' dir='ltr'>rennuente,</span> <span class='ocrx_word' id='word_1_128' title='bbox 1673 955 1844 997; x_wconf 89' lang='lat' dir='ltr'>tandem</span> <span class='ocrx_word' id='word_1_129' title='bbox 1885 955 1938 996; x_wconf 90' lang='lat' dir='ltr'>de</span> <span class='ocrx_word' id='word_1_130' title='bbox 1978 954 2060 996; x_wconf 89' lang='lat' dir='ltr'>hoc</span> <span class='ocrx_word' id='word_1_131' title='bbox 2101 954 2211 996; x_wconf 81' lang='lat' dir='ltr'>facto</span> <span class='ocrx_word' id='word_1_132' title='bbox 2251 969 2277 996; x_wconf 87' lang='lat' dir='ltr'>a</span> <span class='ocrx_word' id='word_1_133' title='bbox 2313 969 2415 1011; x_wconf 86' lang='lat' dir='ltr'>rege</span> 
     </span>
     <span class='ocr_line' id='line_1_13' title="bbox 237 1021 2415 1081; baseline -0.004 -9"><span class='ocrx_word' id='word_1_134' title='bbox 237 1033 574 1072; x_wconf 76' lang='lat' dir='ltr'>circumventusc</span> <span class='ocrx_word' id='word_1_135' title='bbox 608 1036 683 1067; x_wconf 82' lang='lat' dir='ltr'>cst.</span> <span class='ocrx_word' id='word_1_136' title='bbox 754 1024 834 1066; x_wconf 80' lang='lat' dir='ltr'>Cui</span> <span class='ocrx_word' id='word_1_137' title='bbox 873 1034 913 1067; x_wconf 85' lang='lat' dir='ltr'>ct</span> <span class='ocrx_word' id='word_1_138' title='bbox 953 1040 978 1066; x_wconf 87' lang='lat' dir='ltr'>a</span> <span class='ocrx_word' id='word_1_139' title='bbox 1009 1039 1107 1080; x_wconf 80' lang='lat' dir='ltr'>rege</span> <span class='ocrx_word' id='word_1_140' title='bbox 1137 1025 1393 1081; x_wconf 88' lang='lat' dir='ltr'>promissum</span> <span class='ocrx_word' id='word_1_141' title='bbox 1433 1030 1518 1077; x_wconf 90' lang='lat' dir='ltr'>est,</span> <span class='ocrx_word' id='word_1_142' title='bbox 1565 1023 1679 1080; x_wconf 88' lang='lat' dir='ltr'>quod</span> <span class='ocrx_word' id='word_1_143' title='bbox 1716 1030 1857 1078; x_wconf 88' lang='lat' dir='ltr'>preter</span> <span class='ocrx_word' id='word_1_144' title='bbox 1892 1021 1975 1063; x_wconf 88' lang='lat' dir='ltr'>alia</span> <span class='ocrx_word' id='word_1_145' title='bbox 2008 1021 2216 1064; x_wconf 85' lang='lat' dir='ltr'>beneficia</span> <span class='ocrx_word' id='word_1_146' title='bbox 2251 1028 2415 1064; x_wconf 86' lang='lat' dir='ltr'>tantum</span> 
     </span>
     <span class='ocr_line' id='line_1_14' title="bbox 236 1088 2414 1153; baseline -0.001 -19"><span class='ocrx_word' id='word_1_147' title='bbox 236 1099 287 1141; x_wconf 64' lang='grc' dir='ltr'>ἀρ</span> <span class='ocrx_word' id='word_1_148' title='bbox 319 1097 476 1153; x_wconf 68' lang='lat' dir='ltr'>prediis</span> <span class='ocrx_word' id='word_1_149' title='bbox 507 1096 592 1136; x_wconf 67' lang='lat' dir='ltr'>suis</span> <span class='ocrx_word' id='word_1_150' title='bbox 625 1095 667 1135; x_wconf 90' lang='lat' dir='ltr'>in</span> <span class='ocrx_word' id='word_1_151' title='bbox 695 1094 998 1149; x_wconf 79' lang='lat' dir='ltr'>proprietatem</span> <span class='ocrx_word' id='word_1_152' title='bbox 1037 1095 1074 1133; x_wconf 88' lang='lat' dir='ltr'>ei</span> <span class='ocrx_word' id='word_1_153' title='bbox 1106 1091 1245 1145; x_wconf 85' lang='lat' dir='ltr'>daret,</span> <span class='ocrx_word' id='word_1_154' title='bbox 1279 1100 1484 1147; x_wconf 83' lang='lat' dir='ltr'>quantum</span> <span class='ocrx_word' id='word_1_155' title='bbox 1515 1092 1558 1132; x_wconf 92' lang='lat' dir='ltr'>in</span> <span class='ocrx_word' id='word_1_156' title='bbox 1595 1091 1663 1132; x_wconf 90' lang='lat' dir='ltr'>die</span> <span class='ocrx_word' id='word_1_157' title='bbox 1695 1091 1838 1133; x_wconf 86' lang='lat' dir='ltr'>estatis</span> <span class='ocrx_word' id='word_1_158' title='bbox 1867 1088 2114 1145; x_wconf 84' lang='lat' dir='ltr'>longissima</span> <span class='ocrx_word' id='word_1_159' title='bbox 2149 1105 2246 1132; x_wconf 91' lang='lat' dir='ltr'>cum</span> <span class='ocrx_word' id='word_1_160' title='bbox 2287 1105 2414 1132; x_wconf 91' lang='lat' dir='ltr'>curru</span> 
     </span>
     <span class='ocr_line' id='line_1_15' title="bbox 236 1157 2412 1217; baseline -0.003 -10"><span class='ocrx_word' id='word_1_161' title='bbox 236 1181 362 1207; x_wconf 75' lang='lat' dir='ltr'>aureo</span> <span class='ocrx_word' id='word_1_162' title='bbox 395 1164 603 1205; x_wconf 73' lang='lat' dir='ltr'>circuiret.</span> <span class='ocrx_word' id='word_1_163' title='bbox 664 1163 760 1214; x_wconf 76' lang='lat' dir='ltr'>Quo</span> <span class='ocrx_word' id='word_1_164' title='bbox 793 1162 999 1217; x_wconf 86' lang='lat' dir='ltr'>promisso</span> <span class='ocrx_word' id='word_1_165' title='bbox 1031 1159 1217 1212; x_wconf 86' lang='lat' dir='ltr'>illectus,</span> <span class='ocrx_word' id='word_1_166' title='bbox 1255 1159 1307 1201; x_wconf 90' lang='lat' dir='ltr'>de</span> <span class='ocrx_word' id='word_1_167' title='bbox 1345 1174 1450 1201; x_wconf 90' lang='lat' dir='ltr'>auro</span> <span class='ocrx_word' id='word_1_168' title='bbox 1487 1158 1747 1201; x_wconf 81' lang='lat' dir='ltr'>curriculum</span> <span class='ocrx_word' id='word_1_169' title='bbox 1783 1157 1997 1200; x_wconf 79' lang='lat' dir='ltr'>fabricans</span> <span class='ocrx_word' id='word_1_170' title='bbox 2027 1164 2069 1200; x_wconf 90' lang='lat' dir='ltr'>et</span> <span class='ocrx_word' id='word_1_171' title='bbox 2106 1172 2204 1199; x_wconf 90' lang='lat' dir='ltr'>eum</span> <span class='ocrx_word' id='word_1_172' title='bbox 2243 1158 2288 1199; x_wconf 92' lang='lat' dir='ltr'>in</span> <span class='ocrx_word' id='word_1_173' title='bbox 2317 1158 2412 1200; x_wconf 90' lang='lat' dir='ltr'>sinu</span> 
     </span>
     <span class='ocr_line' id='line_1_16' title="bbox 236 1224 2475 1290; baseline -0.002 -18"><span class='ocrx_word' id='word_1_174' title='bbox 236 1247 456 1290; x_wconf 61' lang='lat' dir='ltr'>repsmens.</span> <span class='ocrx_word' id='word_1_175' title='bbox 488 1231 623 1271; x_wconf 76' lang='lat' dir='ltr'>socios</span> <span class='ocrx_word' id='word_1_176' title='bbox 654 1236 694 1270; x_wconf 89' lang='lat' dir='ltr'>et</span> <span class='ocrx_word' id='word_1_177' title='bbox 725 1243 855 1284; x_wconf 87' lang='lat' dir='ltr'>equos</span> <span class='ocrx_word' id='word_1_178' title='bbox 886 1227 1051 1269; x_wconf 80' lang='lat' dir='ltr'>veloces</span> <span class='ocrx_word' id='word_1_179' title='bbox 1083 1227 1161 1269; x_wconf 80' lang='lat' dir='ltr'>sibi</span> <span class='ocrx_word' id='word_1_180' title='bbox 1193 1227 1386 1269; x_wconf 83' lang='lat' dir='ltr'>adhibuit</span> <span class='ocrx_word' id='word_1_181' title='bbox 1416 1233 1458 1269; x_wconf 89' lang='lat' dir='ltr'>et</span> <span class='ocrx_word' id='word_1_182' title='bbox 1485 1228 1530 1268; x_wconf 90' lang='lat' dir='ltr'>in</span> <span class='ocrx_word' id='word_1_183' title='bbox 1559 1227 1627 1269; x_wconf 88' lang='lat' dir='ltr'>die</span> <span class='ocrx_word' id='word_1_184' title='bbox 1659 1227 1795 1268; x_wconf 87' lang='lat' dir='ltr'>estiva</span> <span class='ocrx_word' id='word_1_185' title='bbox 1824 1232 2012 1268; x_wconf 86' lang='lat' dir='ltr'>montem</span> <span class='ocrx_word' id='word_1_186' title='bbox 2052 1225 2126 1281; x_wconf 91' lang='lat' dir='ltr'>qui</span> <span class='ocrx_word' id='word_1_187' title='bbox 2163 1224 2412 1269; x_wconf 78' lang='lat' dir='ltr'>Mersboreh</span> <span class='ocrx_word' id='word_1_188' title='bbox 2440 1242 2475 1267; x_wconf 84' lang='lat'>15</span> 
     </span>
     <span class='ocr_line' id='line_1_17' title="bbox 235 1293 2413 1351; baseline -0.002 -10"><span class='ocrx_word' id='word_1_189' title='bbox 235 1303 389 1343; x_wconf 82' lang='lat' dir='ltr'>dicitur</span> <span class='ocrx_word' id='word_1_190' title='bbox 426 1298 631 1341; x_wconf 70' lang='lat' dir='ltr'>circuivit.</span> <span class='ocrx_word' id='word_1_191' title='bbox 699 1297 866 1337; x_wconf 83' lang='lat' dir='ltr'>Deinde</span> <span class='ocrx_word' id='word_1_192' title='bbox 906 1297 959 1337; x_wconf 88' lang='lat' dir='ltr'>ad</span> <span class='ocrx_word' id='word_1_193' title='bbox 1002 1311 1145 1351; x_wconf 82' lang='lat' dir='ltr'>regem</span> <span class='ocrx_word' id='word_1_194' title='bbox 1182 1295 1327 1348; x_wconf 85' lang='lat' dir='ltr'>rediit,</span> <span class='ocrx_word' id='word_1_195' title='bbox 1377 1301 1418 1336; x_wconf 90' lang='lat' dir='ltr'>et</span> <span class='ocrx_word' id='word_1_196' title='bbox 1453 1310 1530 1337; x_wconf 84' lang='lat' dir='ltr'>rex</span> <span class='ocrx_word' id='word_1_197' title='bbox 1565 1295 1603 1337; x_wconf 87' lang='lat' dir='ltr'>ei</span> <span class='ocrx_word' id='word_1_198' title='bbox 1650 1301 1838 1336; x_wconf 87' lang='lat' dir='ltr'>montem</span> <span class='ocrx_word' id='word_1_199' title='bbox 1887 1308 1982 1334; x_wconf 89' lang='lat' dir='ltr'>cum</span> <span class='ocrx_word' id='word_1_200' title='bbox 2026 1293 2185 1335; x_wconf 88' lang='lat' dir='ltr'>ducatu</span> <span class='ocrx_word' id='word_1_201' title='bbox 2230 1293 2413 1336; x_wconf 85' lang='lat' dir='ltr'>Bavarie</span> 
     </span>
     <span class='ocr_line' id='line_1_18' title="bbox 234 1361 2414 1424; baseline -0.003 -15"><span class='ocrx_word' id='word_1_202' title='bbox 234 1369 469 1424; x_wconf 67' lang='lat' dir='ltr'>dereliquit.</span> <span class='ocrx_word' id='word_1_203' title='bbox 530 1365 680 1406; x_wconf 84' lang='lat' dir='ltr'>Ethico</span> <span class='ocrx_word' id='word_1_204' title='bbox 713 1363 763 1404; x_wconf 88' lang='lat' dir='ltr'>de</span> <span class='ocrx_word' id='word_1_205' title='bbox 794 1363 904 1404; x_wconf 88' lang='lat' dir='ltr'>facto</span> <span class='ocrx_word' id='word_1_206' title='bbox 938 1363 1011 1404; x_wconf 90' lang='lat' dir='ltr'>filii</span> <span class='ocrx_word' id='word_1_207' title='bbox 1041 1363 1297 1417; x_wconf 80' lang='lat' dir='ltr'>indignatus,</span> <span class='ocrx_word' id='word_1_208' title='bbox 1328 1364 1371 1405; x_wconf 91' lang='lat' dir='ltr'>in</span> <span class='ocrx_word' id='word_1_209' title='bbox 1402 1361 1626 1404; x_wconf 82' lang='lat' dir='ltr'>solitudine</span> <span class='ocrx_word' id='word_1_210' title='bbox 1646 1363 1777 1404; x_wconf 88' lang='lat' dir='ltr'>vitam</span> <span class='ocrx_word' id='word_1_211' title='bbox 1807 1376 1937 1417; x_wconf 84' lang='lat' dir='ltr'>agens</span> <span class='ocrx_word' id='word_1_212' title='bbox 1966 1361 2195 1418; x_wconf 86' lang='lat' dir='ltr'>privatam,</span> <span class='ocrx_word' id='word_1_213' title='bbox 2235 1361 2414 1403; x_wconf 90' lang='lat' dir='ltr'>moritur</span> 
     </span>
     <span class='ocr_line' id='line_1_19' title="bbox 235 1429 1943 1486; baseline -0.005 -7"><span class='ocrx_word' id='word_1_214' title='bbox 235 1453 309 1479; x_wconf 87' lang='lat' dir='ltr'>nec</span> <span class='ocrx_word' id='word_1_215' title='bbox 342 1435 413 1476; x_wconf 89' lang='lat' dir='ltr'>ulli</span> <span class='ocrx_word' id='word_1_216' title='bbox 445 1450 534 1476; x_wconf 69' lang='lat' dir='ltr'>esse</span> <span class='ocrx_word' id='word_1_217' title='bbox 567 1432 759 1473; x_wconf 79' lang='lat' dir='ltr'>subditus</span> <span class='ocrx_word' id='word_1_218' title='bbox 791 1431 1054 1486; x_wconf 81' lang='lat' dir='ltr'>dignabatur.</span> <span class='ocrx_word' id='word_1_219' title='bbox 1112 1431 1236 1473; x_wconf 89' lang='lat' dir='ltr'>Unde</span> <span class='ocrx_word' id='word_1_220' title='bbox 1267 1446 1364 1472; x_wconf 92' lang='lat' dir='ltr'>cum</span> <span class='ocrx_word' id='word_1_221' title='bbox 1395 1445 1523 1472; x_wconf 88' lang='lat' dir='ltr'>curru</span> <span class='ocrx_word' id='word_1_222' title='bbox 1552 1443 1680 1472; x_wconf 88' lang='lat' dir='ltr'>aureo</span> <span class='ocrx_word' id='word_1_223' title='bbox 1711 1429 1943 1472; x_wconf 82' lang='lat' dir='ltr'>dicebatur.</span> 
     </span>
    </p>

    <p class='ocr_par' dir='ltr' id='par_1_4' title="bbox 230 1496 2474 2370">
     <span class='ocr_line' id='line_1_20' title="bbox 378 1496 2414 1555; baseline -0.002 -11"><span class='ocrx_word' id='word_1_224' title='bbox 378 1505 438 1544; x_wconf 66' lang='lat'>133.</span> <span class='ocrx_word' id='word_1_225' title='bbox 499 1503 563 1542; x_wconf 79' lang='lat' dir='ltr'>De</span> <span class='ocrx_word' id='word_1_226' title='bbox 600 1500 723 1540; x_wconf 85' lang='lat' dir='ltr'>huius</span> <span class='ocrx_word' id='word_1_227' title='bbox 754 1499 881 1553; x_wconf 78' lang='lat' dir='ltr'>stirpe</span> <span class='ocrx_word' id='word_1_228' title='bbox 926 1514 1002 1555; x_wconf 88' lang='lat' dir='ltr'>per</span> <span class='ocrx_word' id='word_1_229' title='bbox 1037 1498 1199 1554; x_wconf 90' lang='lat' dir='ltr'>aliquas</span> <span class='ocrx_word' id='word_1_230' title='bbox 1238 1513 1440 1554; x_wconf 84' lang='lat' dir='ltr'>personas</span> <span class='ocrx_word' id='word_1_231' title='bbox 1475 1499 1746 1554; x_wconf 86' lang='lat' dir='ltr'>interpositas</span> <span class='ocrx_word' id='word_1_232' title='bbox 1797 1496 1928 1539; x_wconf 89' lang='lat' dir='ltr'>duces</span> <span class='ocrx_word' id='word_1_233' title='bbox 1963 1497 2166 1539; x_wconf 88' lang='lat' dir='ltr'>Hinricus</span> <span class='ocrx_word' id='word_1_234' title='bbox 2195 1497 2329 1553; x_wconf 85' lang='lat' dir='ltr'>Niger</span> <span class='ocrx_word' id='word_1_235' title='bbox 2372 1504 2414 1540; x_wconf 82' lang='lat' dir='ltr'>et</span> 
     </span>
     <span class='ocr_line' id='line_1_21' title="bbox 236 1564 2474 1621; baseline -0.004 -8"><span class='ocrx_word' id='word_1_236' title='bbox 236 1572 434 1613; x_wconf 82' lang='lat' dir='ltr'>Hinricus</span> <span class='ocrx_word' id='word_1_237' title='bbox 467 1567 642 1611; x_wconf 85' lang='lat' dir='ltr'>Catulus</span> <span class='ocrx_word' id='word_1_238' title='bbox 674 1566 995 1608; x_wconf 72' lang='lat' dir='ltr'>descenderunt.</span> <span class='ocrx_word' id='word_1_239' title='bbox 1056 1565 1190 1608; x_wconf 83' lang='lat' dir='ltr'>Cuius</span> <span class='ocrx_word' id='word_1_240' title='bbox 1221 1567 1355 1608; x_wconf 86' lang='lat' dir='ltr'>eciam</span> <span class='ocrx_word' id='word_1_241' title='bbox 1392 1580 1510 1608; x_wconf 90' lang='lat' dir='ltr'>soror</span> <span class='ocrx_word' id='word_1_242' title='bbox 1539 1566 1619 1607; x_wconf 89' lang='lat' dir='ltr'>fuit</span> <span class='ocrx_word' id='word_1_243' title='bbox 1645 1565 1812 1618; x_wconf 73' lang='lat' dir='ltr'>Jutta4,</span> <span class='ocrx_word' id='word_1_244' title='bbox 1853 1565 1980 1621; x_wconf 89' lang='lat' dir='ltr'>primi</span> <span class='ocrx_word' id='word_1_245' title='bbox 2019 1572 2153 1607; x_wconf 89' lang='lat' dir='ltr'>mater</span> <span class='ocrx_word' id='word_1_246' title='bbox 2180 1564 2411 1607; x_wconf 87' lang='lat' dir='ltr'>Frederici.</span> <span class='ocrx_word' id='word_1_247' title='bbox 2438 1581 2474 1606; x_wconf 81' lang='lat'>20</span> 
     </span>
     <span class='ocr_line' id='line_1_22' title="bbox 234 1632 2412 1692; baseline -0.004 -10"><span class='ocrx_word' id='word_1_248' title='bbox 234 1641 299 1681; x_wconf 82' lang='lat' dir='ltr'>De</span> <span class='ocrx_word' id='word_1_249' title='bbox 330 1638 476 1680; x_wconf 73' lang='lat' dir='ltr'>cadem</span> <span class='ocrx_word' id='word_1_250' title='bbox 509 1650 677 1692; x_wconf 79' lang='lat' dir='ltr'>quoque</span> <span class='ocrx_word' id='word_1_251' title='bbox 709 1635 837 1689; x_wconf 79' lang='lat' dir='ltr'>stirpe</span> <span class='ocrx_word' id='word_1_252' title='bbox 868 1634 948 1675; x_wconf 89' lang='lat' dir='ltr'>fuit</span> <span class='ocrx_word' id='word_1_253' title='bbox 977 1635 1019 1674; x_wconf 90' lang='lat' dir='ltr'>in</span> <span class='ocrx_word' id='word_1_254' title='bbox 1051 1632 1311 1676; x_wconf 85' lang='lat' dir='ltr'>Constancia</span> <span class='ocrx_word' id='word_1_255' title='bbox 1351 1634 1525 1690; x_wconf 90' lang='lat' dir='ltr'>quidam</span> <span class='ocrx_word' id='word_1_256' title='bbox 1565 1634 1791 1690; x_wconf 87' lang='lat' dir='ltr'>episcopus</span> <span class='ocrx_word' id='word_1_257' title='bbox 1820 1633 1991 1675; x_wconf 85' lang='lat' dir='ltr'>nomine</span> <span class='ocrx_word' id='word_1_258' title='bbox 2023 1632 2247 1675; x_wconf 83' lang='lat' dir='ltr'>Cunradus</span> <span class='ocrx_word' id='word_1_259' title='bbox 2261 1640 2296 1686; x_wconf 88' lang='lat'>⁵,</span> <span class='ocrx_word' id='word_1_260' title='bbox 2338 1633 2412 1689; x_wconf 92' lang='lat' dir='ltr'>qui</span> 
     </span>
     <span class='ocr_line' id='line_1_23' title="bbox 233 1700 2411 1764; baseline -0.001 -19"><span class='ocrx_word' id='word_1_261' title='bbox 233 1722 307 1764; x_wconf 73' lang='lat' dir='ltr'>pro</span> <span class='ocrx_word' id='word_1_262' title='bbox 340 1705 571 1747; x_wconf 79' lang='lat' dir='ltr'>sanctitatis</span> <span class='ocrx_word' id='word_1_263' title='bbox 603 1718 675 1744; x_wconf 77' lang='lat' dir='ltr'>sue</span> <span class='ocrx_word' id='word_1_264' title='bbox 706 1703 855 1743; x_wconf 85' lang='lat' dir='ltr'>merito</span> <span class='ocrx_word' id='word_1_265' title='bbox 887 1708 950 1743; x_wconf 89' lang='lat' dir='ltr'>est</span> <span class='ocrx_word' id='word_1_266' title='bbox 980 1702 1262 1744; x_wconf 85' lang='lat' dir='ltr'>canonisatus.</span> <span class='ocrx_word' id='word_1_267' title='bbox 1322 1703 1417 1755; x_wconf 78' lang='lat' dir='ltr'>Quo</span> <span class='ocrx_word' id='word_1_268' title='bbox 1449 1716 1545 1743; x_wconf 90' lang='lat' dir='ltr'>cum</span> <span class='ocrx_word' id='word_1_269' title='bbox 1583 1700 1836 1757; x_wconf 86' lang='lat' dir='ltr'>quandoque</span> <span class='ocrx_word' id='word_1_270' title='bbox 1872 1701 2060 1742; x_wconf 87' lang='lat' dir='ltr'>venisset</span> <span class='ocrx_word' id='word_1_271' title='bbox 2089 1700 2179 1742; x_wconf 85' lang='lat' dir='ltr'>dux</span> <span class='ocrx_word' id='word_1_272' title='bbox 2208 1701 2411 1743; x_wconf 89' lang='lat' dir='ltr'>Hinricus</span> 
     </span>
     <span class='ocr_line' id='line_1_24' title="bbox 232 1766 2411 1830; baseline -0.002 -14"><span class='ocrx_word' id='word_1_273' title='bbox 232 1776 340 1817; x_wconf 86' lang='lat' dir='ltr'>Leo.</span> <span class='ocrx_word' id='word_1_274' title='bbox 379 1788 456 1830; x_wconf 88' lang='lat' dir='ltr'>pro</span> <span class='ocrx_word' id='word_1_275' title='bbox 496 1772 649 1812; x_wconf 84' lang='lat' dir='ltr'>affectu</span> <span class='ocrx_word' id='word_1_276' title='bbox 685 1769 865 1811; x_wconf 87' lang='lat' dir='ltr'>naturali</span> <span class='ocrx_word' id='word_1_277' title='bbox 911 1776 952 1810; x_wconf 90' lang='lat' dir='ltr'>ct</span> <span class='ocrx_word' id='word_1_278' title='bbox 989 1769 1222 1811; x_wconf 83' lang='lat' dir='ltr'>devocione</span> <span class='ocrx_word' id='word_1_279' title='bbox 1269 1769 1493 1812; x_wconf 87' lang='lat' dir='ltr'>ecclesiam</span> <span class='ocrx_word' id='word_1_280' title='bbox 1528 1768 1904 1811; x_wconf 84' lang='lat' dir='ltr'>Constanciensem</span> <span class='ocrx_word' id='word_1_281' title='bbox 1951 1766 2004 1810; x_wconf 91' lang='lat' dir='ltr'>ob</span> <span class='ocrx_word' id='word_1_282' title='bbox 2050 1769 2184 1810; x_wconf 88' lang='lat' dir='ltr'>sancti</span> <span class='ocrx_word' id='word_1_283' title='bbox 2224 1767 2411 1811; x_wconf 83' lang='lat' dir='ltr'>Oonradi</span> 
     </span>
     <span class='ocr_line' id='line_1_25' title="bbox 230 1836 2409 1893; baseline -0.003 -9"><span class='ocrx_word' id='word_1_284' title='bbox 230 1842 515 1885; x_wconf 74' lang='lat' dir='ltr'>reverenciam</span> <span class='ocrx_word' id='word_1_285' title='bbox 549 1839 669 1880; x_wconf 63' lang='lat' dir='ltr'>doni&gt;⁴</span> <span class='ocrx_word' id='word_1_286' title='bbox 700 1844 740 1879; x_wconf 89' lang='lat' dir='ltr'>et</span> <span class='ocrx_word' id='word_1_287' title='bbox 770 1837 928 1893; x_wconf 89' lang='lat' dir='ltr'>prediis</span> <span class='ocrx_word' id='word_1_288' title='bbox 958 1837 1184 1892; x_wconf 86' lang='lat' dir='ltr'>magnifice</span> <span class='ocrx_word' id='word_1_289' title='bbox 1214 1837 1446 1880; x_wconf 86' lang='lat' dir='ltr'>honoravit.</span> <span class='ocrx_word' id='word_1_290' title='bbox 1576 1836 1806 1877; x_wconf 77' lang='lat' dir='ltr'>Hinricusd</span> <span class='ocrx_word' id='word_1_291' title='bbox 1845 1836 1933 1877; x_wconf 90' lang='lat' dir='ltr'>Leo</span> <span class='ocrx_word' id='word_1_292' title='bbox 1963 1851 2141 1878; x_wconf 83' lang='lat' dir='ltr'>uxorem</span> <span class='ocrx_word' id='word_1_293' title='bbox 2181 1836 2303 1879; x_wconf 85' lang='lat' dir='ltr'>duxit</span> <span class='ocrx_word' id='word_1_294' title='bbox 2332 1851 2409 1878; x_wconf 87' lang='lat' dir='ltr'>suo</span> 
     </span>
     <span class='ocr_line' id='line_1_26' title="bbox 231 1903 2472 1967; baseline -0.002 -15"><span class='ocrx_word' id='word_1_295' title='bbox 231 1910 374 1967; x_wconf 66' lang='lat' dir='ltr'>generi</span> <span class='ocrx_word' id='word_1_296' title='bbox 407 1914 707 1963; x_wconf 67' lang='lat' dir='ltr'>congruentem</span> <span class='ocrx_word' id='word_1_297' title='bbox 722 1913 750 1957; x_wconf 81' lang='lat'>⁶,</span> <span class='ocrx_word' id='word_1_298' title='bbox 782 1905 911 1946; x_wconf 86' lang='lat' dir='ltr'>filiam</span> <span class='ocrx_word' id='word_1_299' title='bbox 942 1904 1063 1946; x_wconf 88' lang='lat' dir='ltr'>ducis</span> <span class='ocrx_word' id='word_1_300' title='bbox 1095 1904 1147 1946; x_wconf 92' lang='lat' dir='ltr'>de</span> <span class='ocrx_word' id='word_1_301' title='bbox 1178 1905 1440 1961; x_wconf 59' lang='lat' dir='ltr'>Thuringev,</span> <span class='ocrx_word' id='word_1_302' title='bbox 1472 1904 1671 1946; x_wconf 88' lang='lat' dir='ltr'>domnam</span> <span class='ocrx_word' id='word_1_303' title='bbox 1703 1903 2012 1956; x_wconf 84' lang='lat' dir='ltr'>Clemenciam,</span> <span class='ocrx_word' id='word_1_304' title='bbox 2049 1903 2102 1946; x_wconf 89' lang='lat' dir='ltr'>de</span> <span class='ocrx_word' id='word_1_305' title='bbox 2142 1918 2225 1959; x_wconf 91' lang='lat' dir='ltr'>qua</span> <span class='ocrx_word' id='word_1_306' title='bbox 2262 1905 2410 1959; x_wconf 83' lang='lat' dir='ltr'>genuit</span> <span class='ocrx_word' id='word_1_307' title='bbox 2435 1921 2472 1947; x_wconf 81' lang='lat'>25</span> 
     </span>
     <span class='ocr_line' id='line_1_27' title="bbox 233 1971 2408 2032; baseline -0.002 -13"><span class='ocrx_word' id='word_1_308' title='bbox 233 1979 381 2029; x_wconf 67' lang='lat' dir='ltr'>tiliam,</span> <span class='ocrx_word' id='word_1_309' title='bbox 423 1991 549 2032; x_wconf 76' lang='lat' dir='ltr'>quam</span> <span class='ocrx_word' id='word_1_310' title='bbox 593 1975 758 2030; x_wconf 81' lang='lat' dir='ltr'>accepit</span> <span class='ocrx_word' id='word_1_311' title='bbox 799 1981 948 2029; x_wconf 85' lang='lat' dir='ltr'>potens</span> <span class='ocrx_word' id='word_1_312' title='bbox 992 1973 1162 2029; x_wconf 88' lang='lat' dir='ltr'>quidam</span> <span class='ocrx_word' id='word_1_313' title='bbox 1203 1979 1244 2014; x_wconf 88' lang='lat' dir='ltr'>et</span> <span class='ocrx_word' id='word_1_314' title='bbox 1280 1972 1433 2014; x_wconf 86' lang='lat' dir='ltr'>nobilis</span> <span class='ocrx_word' id='word_1_315' title='bbox 1470 1972 1523 2014; x_wconf 86' lang='lat' dir='ltr'>de</span> <span class='ocrx_word' id='word_1_316' title='bbox 1562 1971 1787 2014; x_wconf 84' lang='lat' dir='ltr'>Slavorum</span> <span class='ocrx_word' id='word_1_317' title='bbox 1823 1972 2115 2028; x_wconf 83' lang='lat' dir='ltr'>principibus⁸</span> <span class='ocrx_word' id='word_1_318' title='bbox 2143 1972 2187 2012; x_wconf 90' lang='lat' dir='ltr'>in</span> <span class='ocrx_word' id='word_1_319' title='bbox 2217 1986 2408 2015; x_wconf 82' lang='lat' dir='ltr'>uxorem.</span> 
     </span>
     <span class='ocr_line' id='line_1_28' title="bbox 232 2039 2410 2099; baseline -0.002 -12"><span class='ocrx_word' id='word_1_320' title='bbox 232 2045 356 2099; x_wconf 69' lang='lat' dir='ltr'>Quod</span> <span class='ocrx_word' id='word_1_321' title='bbox 387 2043 717 2093; x_wconf 73' lang='lat' dir='ltr'>matrimonium,</span> <span class='ocrx_word' id='word_1_322' title='bbox 755 2041 851 2082; x_wconf 88' lang='lat' dir='ltr'>licet</span> <span class='ocrx_word' id='word_1_323' title='bbox 882 2049 1029 2096; x_wconf 86' lang='lat' dir='ltr'>postea</span> <span class='ocrx_word' id='word_1_324' title='bbox 1058 2041 1213 2082; x_wconf 88' lang='lat' dir='ltr'>iudicio</span> <span class='ocrx_word' id='word_1_325' title='bbox 1254 2040 1428 2082; x_wconf 81' lang='lat' dir='ltr'>ecclesie</span> <span class='ocrx_word' id='word_1_326' title='bbox 1465 2039 1593 2082; x_wconf 89' lang='lat' dir='ltr'>fuerit</span> <span class='ocrx_word' id='word_1_327' title='bbox 1622 2039 1825 2092; x_wconf 88' lang='lat' dir='ltr'>solutum,</span> <span class='ocrx_word' id='word_1_328' title='bbox 1863 2045 2005 2080; x_wconf 84' lang='lat' dir='ltr'>tamen</span> <span class='ocrx_word' id='word_1_329' title='bbox 2033 2039 2114 2081; x_wconf 88' lang='lat' dir='ltr'>fuit</span> <span class='ocrx_word' id='word_1_330' title='bbox 2141 2039 2410 2096; x_wconf 87' lang='lat' dir='ltr'>legittimum,</span> 
     </span>
     <span class='ocr_line' id='line_1_29' title="bbox 233 2106 2408 2170; baseline -0.001 -17"><span class='ocrx_word' id='word_1_331' title='bbox 233 2115 330 2170; x_wconf 80' lang='lat' dir='ltr'>quia</span> <span class='ocrx_word' id='word_1_332' title='bbox 362 2113 471 2155; x_wconf 80' lang='lat' dir='ltr'>bona</span> <span class='ocrx_word' id='word_1_333' title='bbox 504 2111 584 2151; x_wconf 69' lang='lat' dir='ltr'>tid(-</span> <span class='ocrx_word' id='word_1_334' title='bbox 616 2111 835 2164; x_wconf 81' lang='lat' dir='ltr'>utriusque</span> <span class='ocrx_word' id='word_1_335' title='bbox 866 2109 1096 2163; x_wconf 86' lang='lat' dir='ltr'>coniugum</span> <span class='ocrx_word' id='word_1_336' title='bbox 1128 2107 1397 2150; x_wconf 87' lang='lat' dir='ltr'>celebratum.</span> <span class='ocrx_word' id='word_1_337' title='bbox 1455 2107 1581 2149; x_wconf 89' lang='lat' dir='ltr'>Unde</span> <span class='ocrx_word' id='word_1_338' title='bbox 1610 2107 1723 2149; x_wconf 89' lang='lat' dir='ltr'>idem</span> <span class='ocrx_word' id='word_1_339' title='bbox 1754 2107 1957 2148; x_wconf 91' lang='lat' dir='ltr'>Hinricus</span> <span class='ocrx_word' id='word_1_340' title='bbox 1987 2106 2075 2149; x_wconf 91' lang='lat' dir='ltr'>Leo</span> <span class='ocrx_word' id='word_1_341' title='bbox 2106 2114 2255 2164; x_wconf 88' lang='lat' dir='ltr'>postea</span> <span class='ocrx_word' id='word_1_342' title='bbox 2284 2107 2408 2150; x_wconf 88' lang='lat' dir='ltr'>duxit</span> 
     </span>
     <span class='ocr_line' id='line_1_30' title="bbox 231 2174 2406 2231; baseline -0.002 -9"><span class='ocrx_word' id='word_1_343' title='bbox 231 2182 429 2222; x_wconf 81' lang='lat' dir='ltr'>domnam</span> <span class='ocrx_word' id='word_1_344' title='bbox 475 2176 763 2227; x_wconf 77' lang='lat' dir='ltr'>Mechtildem,</span> <span class='ocrx_word' id='word_1_345' title='bbox 809 2175 938 2217; x_wconf 88' lang='lat' dir='ltr'>filiam</span> <span class='ocrx_word' id='word_1_346' title='bbox 984 2176 1159 2218; x_wconf 76' lang='lat' dir='ltr'>Hem-ici</span> <span class='ocrx_word' id='word_1_347' title='bbox 1202 2176 1314 2231; x_wconf 84' lang='lat' dir='ltr'>regis</span> <span class='ocrx_word' id='word_1_348' title='bbox 1357 2175 1513 2231; x_wconf 85' lang='lat' dir='ltr'>Anglie</span> <span class='ocrx_word' id='word_1_349' title='bbox 1558 2175 1756 2227; x_wconf 88' lang='lat' dir='ltr'>senioris,</span> <span class='ocrx_word' id='word_1_350' title='bbox 1802 2174 1854 2216; x_wconf 91' lang='lat' dir='ltr'>de</span> <span class='ocrx_word' id='word_1_351' title='bbox 1898 2188 1982 2230; x_wconf 87' lang='lat' dir='ltr'>qua</span> <span class='ocrx_word' id='word_1_352' title='bbox 2024 2176 2173 2230; x_wconf 85' lang='lat' dir='ltr'>genuit</span> <span class='ocrx_word' id='word_1_353' title='bbox 2216 2177 2244 2218; x_wconf 85' lang='lat'>4</span> <span class='ocrx_word' id='word_1_354' title='bbox 2271 2175 2406 2219; x_wconf 84' lang='lat' dir='ltr'>filios:</span> 
     </span>
     <span class='ocr_line' id='line_1_31' title="bbox 232 2241 2470 2300; baseline -0.001 -10"><span class='ocrx_word' id='word_1_355' title='bbox 232 2249 432 2290; x_wconf 79' lang='lat' dir='ltr'>domnum</span> <span class='ocrx_word' id='word_1_356' title='bbox 474 2251 671 2289; x_wconf 59' lang='lat' dir='ltr'>(jttoncm</span> <span class='ocrx_word' id='word_1_357' title='bbox 714 2245 1034 2299; x_wconf 82' lang='lat' dir='ltr'>imperatorem,</span> <span class='ocrx_word' id='word_1_358' title='bbox 1083 2244 1319 2285; x_wconf 87' lang='lat' dir='ltr'>Henricum</span> <span class='ocrx_word' id='word_1_359' title='bbox 1361 2243 1598 2300; x_wconf 86' lang='lat' dir='ltr'>palatinum</span> <span class='ocrx_word' id='word_1_360' title='bbox 1646 2243 1806 2296; x_wconf 59' lang='lat' dir='ltr'>Remo,</span> <span class='ocrx_word' id='word_1_361' title='bbox 1850 2241 2126 2285; x_wconf 88' lang='lat' dir='ltr'>Wilhehnum</span> <span class='ocrx_word' id='word_1_362' title='bbox 2166 2243 2317 2286; x_wconf 88' lang='lat' dir='ltr'>ducem</span> <span class='ocrx_word' id='word_1_363' title='bbox 2365 2251 2408 2287; x_wconf 86' lang='lat' dir='ltr'>et</span> <span class='ocrx_word' id='word_1_364' title='bbox 2434 2262 2470 2288; x_wconf 83' lang='lat'>30</span> 
     </span>
     <span class='ocr_line' id='line_1_32' title="bbox 232 2311 1213 2370; baseline -0.005 -13"><span class='ocrx_word' id='word_1_365' title='bbox 232 2316 457 2366; x_wconf 69' lang='lat' dir='ltr'>Lu‹l‹;ruln‚</span> <span class='ocrx_word' id='word_1_366' title='bbox 491 2315 560 2370; x_wconf 78' lang='lat' dir='ltr'>qui</span> <span class='ocrx_word' id='word_1_367' title='bbox 591 2314 634 2353; x_wconf 92' lang='lat' dir='ltr'>in</span> <span class='ocrx_word' id='word_1_368' title='bbox 665 2312 853 2368; x_wconf 82' lang='lat' dir='ltr'>puericia</span> <span class='ocrx_word' id='word_1_369' title='bbox 885 2319 947 2353; x_wconf 87' lang='lat' dir='ltr'>cst</span> <span class='ocrx_word' id='word_1_370' title='bbox 977 2311 1213 2353; x_wconf 81' lang='lat' dir='ltr'>defunctus.</span> 
     </span>
    </p>

    <p class='ocr_par' dir='ltr' id='par_1_5' title="bbox 230 2377 2467 2641">
     <span class='ocr_line' id='line_1_33' title="bbox 375 2377 2406 2435; baseline -0.001 -12"><span class='ocrx_word' id='word_1_371' title='bbox 375 2385 435 2424; x_wconf 77' lang='lat'>14.</span> <span class='ocrx_word' id='word_1_372' title='bbox 496 2382 551 2422; x_wconf 81' lang='lat' dir='ltr'>Et</span> <span class='ocrx_word' id='word_1_373' title='bbox 582 2388 692 2431; x_wconf 73' lang='lat' dir='ltr'>nota,</span> <span class='ocrx_word' id='word_1_374' title='bbox 725 2378 837 2435; x_wconf 82' lang='lat' dir='ltr'>quod</span> <span class='ocrx_word' id='word_1_375' title='bbox 869 2379 1071 2421; x_wconf 85' lang='lat' dir='ltr'>Hinricus</span> <span class='ocrx_word' id='word_1_376' title='bbox 1102 2379 1242 2421; x_wconf 87' lang='lat' dir='ltr'>senior</span> <span class='ocrx_word' id='word_1_377' title='bbox 1269 2394 1346 2420; x_wconf 84' lang='lat' dir='ltr'>rex</span> <span class='ocrx_word' id='word_1_378' title='bbox 1376 2378 1532 2434; x_wconf 83' lang='lat' dir='ltr'>Anglie</span> <span class='ocrx_word' id='word_1_379' title='bbox 1557 2378 1585 2419; x_wconf 89' lang='lat'>4</span> <span class='ocrx_word' id='word_1_380' title='bbox 1614 2377 1723 2419; x_wconf 89' lang='lat' dir='ltr'>filios</span> <span class='ocrx_word' id='word_1_381' title='bbox 1753 2377 1920 2421; x_wconf 84' lang='lat' dir='ltr'>habuit:</span> <span class='ocrx_word' id='word_1_382' title='bbox 1957 2378 2203 2432; x_wconf 87' lang='lat' dir='ltr'>Henricum,</span> <span class='ocrx_word' id='word_1_383' title='bbox 2232 2378 2406 2420; x_wconf 87' lang='lat' dir='ltr'>Richar-</span> 
     </span>
     <span class='ocr_line' id='line_1_34' title="bbox 230 2445 2404 2502; baseline -0.003 -9"><span class='ocrx_word' id='word_1_384' title='bbox 230 2452 352 2502; x_wconf 81' lang='grc'><strong>(111111,</strong></span> <span class='ocrx_word' id='word_1_385' title='bbox 383 2450 620 2492; x_wconf 72' lang='lat' dir='ltr'>-J‹;›ha1m(·m</span> <span class='ocrx_word' id='word_1_386' title='bbox 652 2456 692 2489; x_wconf 86' lang='lat' dir='ltr'>ct</span> <span class='ocrx_word' id='word_1_387' title='bbox 719 2447 1033 2501; x_wconf 73' lang='lat' dir='ltr'>Gaufrodume3</span> <span class='ocrx_word' id='word_1_388' title='bbox 1070 2454 1111 2489; x_wconf 91' lang='lat' dir='ltr'>et</span> <span class='ocrx_word' id='word_1_389' title='bbox 1138 2448 1166 2488; x_wconf 87' lang='lat'>4</span> <span class='ocrx_word' id='word_1_390' title='bbox 1194 2446 1322 2499; x_wconf 85' lang='lat' dir='ltr'>filias,</span> <span class='ocrx_word' id='word_1_391' title='bbox 1364 2460 1543 2502; x_wconf 88' lang='lat' dir='ltr'>quarum</span> <span class='ocrx_word' id='word_1_392' title='bbox 1573 2461 1658 2487; x_wconf 87' lang='lat' dir='ltr'>una</span> <span class='ocrx_word' id='word_1_393' title='bbox 1689 2446 1788 2487; x_wconf 86' lang='lat' dir='ltr'>data</span> <span class='ocrx_word' id='word_1_394' title='bbox 1817 2453 1880 2489; x_wconf 85' lang='lat' dir='ltr'>est</span> <span class='ocrx_word' id='word_1_395' title='bbox 1906 2462 2016 2488; x_wconf 86' lang='lat' dir='ltr'>uxor</span> <span class='ocrx_word' id='word_1_396' title='bbox 2042 2447 2133 2502; x_wconf 85' lang='lat' dir='ltr'>regi</span> <span class='ocrx_word' id='word_1_397' title='bbox 2160 2445 2404 2500; x_wconf 73' lang='lat' dir='ltr'>Castellew,</span> 
     </span>
     <span class='ocr_line' id='line_1_35' title="bbox 231 2513 2408 2575; baseline -0.001 -15"><span class='ocrx_word' id='word_1_398' title='bbox 231 2519 282 2560; x_wconf 82' lang='lat' dir='ltr'>de</span> <span class='ocrx_word' id='word_1_399' title='bbox 314 2533 395 2575; x_wconf 84' lang='lat' dir='ltr'>qua</span> <span class='ocrx_word' id='word_1_400' title='bbox 436 2526 532 2558; x_wconf 88' lang='lat' dir='ltr'>nata</span> <span class='ocrx_word' id='word_1_401' title='bbox 571 2525 631 2557; x_wconf 71' lang='lat' dir='ltr'>est</span> <span class='ocrx_word' id='word_1_402' title='bbox 669 2515 825 2556; x_wconf 82' lang='lat' dir='ltr'>donma</span> <span class='ocrx_word' id='word_1_403' title='bbox 854 2514 1042 2556; x_wconf 86' lang='lat' dir='ltr'>Blancha</span> <span class='ocrx_word' id='word_1_404' title='bbox 1072 2515 1217 2571; x_wconf 88' lang='lat' dir='ltr'>regina</span> <span class='ocrx_word' id='word_1_405' title='bbox 1246 2515 1427 2556; x_wconf 88' lang='lat' dir='ltr'>Francie</span> <span class='ocrx_word' id='word_1_406' title='bbox 1442 2522 1490 2568; x_wconf 90' lang='lat'>1¹,</span> <span class='ocrx_word' id='word_1_407' title='bbox 1529 2529 1641 2555; x_wconf 89' lang='lat' dir='ltr'>nunc</span> <span class='ocrx_word' id='word_1_408' title='bbox 1682 2515 1910 2569; x_wconf 85' lang='lat' dir='ltr'>regnantis.</span> <span class='ocrx_word' id='word_1_409' title='bbox 1980 2514 2177 2557; x_wconf 82' lang='lat' dir='ltr'>Secunda</span> <span class='ocrx_word' id='word_1_410' title='bbox 2214 2513 2313 2557; x_wconf 84' lang='lat' dir='ltr'>data</span> <span class='ocrx_word' id='word_1_411' title='bbox 2342 2521 2408 2557; x_wconf 80' lang='lat' dir='ltr'>est</span> 
     </span>
     <span class='ocr_line' id='line_1_36' title="bbox 231 2581 2467 2641; baseline -0 -14"><span class='ocrx_word' id='word_1_412' title='bbox 231 2587 381 2628; x_wconf 75' lang='lat' dir='ltr'>Alexio</span> <span class='ocrx_word' id='word_1_413' title='bbox 404 2585 645 2641; x_wconf 52' lang='lat' dir='ltr'>imperatori</span> <span class='ocrx_word' id='word_1_414' title='bbox 668 2583 1133 2639; x_wconf 77' lang='lat' dir='ltr'>Constantinopolitano</span> <span class='ocrx_word' id='word_1_415' title='bbox 1148 2590 1196 2624; x_wconf 84' lang='lat'>¹².</span> <span class='ocrx_word' id='word_1_416' title='bbox 1254 2583 1407 2624; x_wconf 85' lang='lat' dir='ltr'>Tereia</span> <span class='ocrx_word' id='word_1_417' title='bbox 1426 2581 1666 2623; x_wconf 85' lang='lat' dir='ltr'>Mechtildis</span> <span class='ocrx_word' id='word_1_418' title='bbox 1697 2581 1796 2623; x_wconf 82' lang='lat' dir='ltr'>data</span> <span class='ocrx_word' id='word_1_419' title='bbox 1816 2589 1879 2625; x_wconf 91' lang='lat' dir='ltr'>est</span> <span class='ocrx_word' id='word_1_420' title='bbox 1901 2582 2080 2624; x_wconf 89' lang='lat' dir='ltr'>Hinrico</span> <span class='ocrx_word' id='word_1_421' title='bbox 2102 2582 2202 2624; x_wconf 88' lang='lat' dir='ltr'>duci</span> <span class='ocrx_word' id='word_1_422' title='bbox 2219 2581 2404 2625; x_wconf 76' lang='lat' dir='ltr'>saxonie</span> <span class='ocrx_word' id='word_1_423' title='bbox 2430 2601 2467 2626; x_wconf 78' lang='lat'>35</span> 
     </span>
    </p>
   </div>
   <div class='ocr_carea' id='block_1_3' title="bbox 232 2696 2403 2802">
    <p class='ocr_par' dir='ltr' id='par_1_6' title="bbox 232 2696 2403 2802">
     <span class='ocr_line' id='line_1_37' title="bbox 378 2696 2403 2742; baseline -0.001 -9"><span class='ocrx_word' id='word_1_424' title='bbox 378 2710 411 2737; x_wconf 78' lang='lat' dir='ltr'>a)</span> <span class='ocrx_word' id='word_1_425' title='bbox 441 2706 473 2732; x_wconf 80' lang='lat' dir='ltr'>et</span> <span class='ocrx_word' id='word_1_426' title='bbox 501 2718 547 2722; x_wconf 97' lang='lat'><strong>—</strong></span> <span class='ocrx_word' id='word_1_427' title='bbox 574 2700 666 2741; x_wconf 73' lang='lat' dir='ltr'>regis</span> <span class='ocrx_word' id='word_1_428' title='bbox 685 2699 720 2741; x_wconf 90' lang='lat' dir='ltr'>f.</span> <span class='ocrx_word' id='word_1_429' title='bbox 741 2699 805 2738; x_wconf 65' lang='lat' dir='ltr'>hs„</span> <span class='ocrx_word' id='word_1_430' title='bbox 843 2701 986 2742; x_wconf 66' lang='lat' dir='ltr'>eryiinzt</span> <span class='ocrx_word' id='word_1_431' title='bbox 1014 2709 1079 2730; x_wconf 76' lang='lat' dir='ltr'>aus</span> <span class='ocrx_word' id='word_1_432' title='bbox 1105 2698 1233 2731; x_wconf 84' lang='lat' dir='ltr'>Heinr.</span> <span class='ocrx_word' id='word_1_433' title='bbox 1260 2709 1328 2730; x_wconf 80' lang='lat' dir='ltr'>von</span> <span class='ocrx_word' id='word_1_434' title='bbox 1353 2697 1512 2740; x_wconf 62' lang='lat' dir='ltr'>Heiford</span> <span class='ocrx_word' id='word_1_435' title='bbox 1537 2709 1563 2730; x_wconf 80' lang='lat' dir='ltr'>s.</span> <span class='ocrx_word' id='word_1_436' title='bbox 1586 2698 1665 2729; x_wconf 86' lang='lat'>151.</span> <span class='ocrx_word' id='word_1_437' title='bbox 1792 2696 1831 2738; x_wconf 91' lang='lat' dir='ltr'>b)</span> <span class='ocrx_word' id='word_1_438' title='bbox 1857 2697 1886 2729; x_wconf 88' lang='lat' dir='ltr'>T</span> <span class='ocrx_word' id='word_1_439' title='bbox 1907 2698 1946 2739; x_wconf 87' lang='lat' dir='ltr'>s.</span> <span class='ocrx_word' id='word_1_440' title='bbox 1966 2697 2029 2738; x_wconf 69' lang='lat' dir='ltr'>hs„</span> <span class='ocrx_word' id='word_1_441' title='bbox 2056 2708 2186 2731; x_wconf 73' lang='lat' dir='ltr'>vorans</span> <span class='ocrx_word' id='word_1_442' title='bbox 2209 2697 2308 2741; x_wconf 65' lang='lat' dir='ltr'>geht.-</span> <span class='ocrx_word' id='word_1_443' title='bbox 2346 2698 2403 2730; x_wconf 88' lang='lat' dir='ltr'>De</span> 
     </span>
     <span class='ocr_line' id='line_1_38' title="bbox 232 2756 1590 2802; baseline -0.004 -7"><span class='ocrx_word' id='word_1_444' title='bbox 232 2763 417 2794; x_wconf 75' lang='lat' dir='ltr'>Ethicone.</span> <span class='ocrx_word' id='word_1_445' title='bbox 518 2768 552 2802; x_wconf 84' lang='lat' dir='ltr'>c)</span> <span class='ocrx_word' id='word_1_446' title='bbox 581 2762 725 2792; x_wconf 52' lang='lat' dir='ltr'>(fluctus</span> <span class='ocrx_word' id='word_1_447' title='bbox 753 2759 804 2792; x_wconf 77' lang='lat' dir='ltr'>he.</span> <span class='ocrx_word' id='word_1_448' title='bbox 906 2758 944 2800; x_wconf 85' lang='lat' dir='ltr'>d)</span> <span class='ocrx_word' id='word_1_449' title='bbox 972 2759 1006 2790; x_wconf 89' lang='lat' dir='ltr'>H</span> <span class='ocrx_word' id='word_1_450' title='bbox 1029 2759 1065 2801; x_wconf 85' lang='lat' dir='ltr'>f.</span> <span class='ocrx_word' id='word_1_451' title='bbox 1091 2759 1142 2791; x_wconf 76' lang='lat' dir='ltr'>hs.</span> <span class='ocrx_word' id='word_1_452' title='bbox 1242 2756 1276 2800; x_wconf 86' lang='lat' dir='ltr'>e)</span> <span class='ocrx_word' id='word_1_453' title='bbox 1304 2758 1511 2802; x_wconf 82' lang='lat' dir='ltr'>gaufredum</span> <span class='ocrx_word' id='word_1_454' title='bbox 1538 2757 1590 2790; x_wconf 75' lang='grc' dir='ltr'>Ῑιε.</span> 
     </span>
    </p>
   </div>
   <div class='ocr_carea' id='block_1_4' title="bbox 232 2874 2464 3325">
    <p class='ocr_par' dir='ltr' id='par_1_7' title="bbox 232 2874 2464 3325">
     <span class='ocr_line' id='line_1_39' title="bbox 376 2874 2402 2921; baseline 0.001 -10"><span class='ocrx_word' id='word_1_455' title='bbox 376 2881 387 2911; x_wconf 84' lang='lat'>1</span> <span class='ocrx_word' id='word_1_456' title='bbox 445 2877 569 2919; x_wconf 78' lang='lat'>1139,</span> <span class='ocrx_word' id='word_1_457' title='bbox 627 2876 686 2912; x_wconf 83' lang='lat'>13.</span> <span class='ocrx_word' id='word_1_458' title='bbox 719 2875 807 2909; x_wconf 83' lang='lat' dir='ltr'>Kal.</span> <span class='ocrx_word' id='word_1_459' title='bbox 838 2874 936 2909; x_wconf 79' lang='lat' dir='ltr'>Nov.</span> <span class='ocrx_word' id='word_1_460' title='bbox 977 2875 1023 2910; x_wconf 76' lang='lat' dir='ltr'>ist</span> <span class='ocrx_word' id='word_1_461' title='bbox 1061 2876 1155 2910; x_wconf 77' lang='lat' dir='ltr'>nack</span> <span class='ocrx_word' id='word_1_462' title='bbox 1193 2874 1287 2912; x_wconf 86' lang='lat' dir='ltr'>Ann.</span> <span class='ocrx_word' id='word_1_463' title='bbox 1318 2875 1424 2911; x_wconf 76' lang='lat' dir='ltr'>Saxo</span> <span class='ocrx_word' id='word_1_464' title='bbox 1460 2876 1527 2910; x_wconf 86' lang='lat' dir='ltr'>der</span> <span class='ocrx_word' id='word_1_465' title='bbox 1565 2875 1735 2921; x_wconf 60' lang='lat' dir='ltr'>code-stay</span> <span class='ocrx_word' id='word_1_466' title='bbox 1774 2874 1974 2910; x_wconf 72' lang='lat' dir='ltr'>Heinrichs</span> <span class='ocrx_word' id='word_1_467' title='bbox 2012 2876 2075 2910; x_wconf 84' lang='lat' dir='ltr'>des</span> <span class='ocrx_word' id='word_1_468' title='bbox 2112 2875 2256 2912; x_wconf 78' lang='lat' dir='ltr'>stolzen.</span> <span class='ocrx_word' id='word_1_469' title='bbox 2322 2875 2402 2921; x_wconf 71' lang='lat' dir='ltr'>Vql.</span> 
     </span>
     <span class='ocr_line' id='line_1_40' title="bbox 233 2942 2405 2988; baseline -0 -9"><span class='ocrx_word' id='word_1_470' title='bbox 233 2946 365 2980; x_wconf 70' lang='lat' dir='ltr'>Heinr.</span> <span class='ocrx_word' id='word_1_471' title='bbox 399 2944 577 2988; x_wconf 54' lang='grc' dir='ltr'>Παίονα,</span> <span class='ocrx_word' id='word_1_472' title='bbox 610 2956 639 2981; x_wconf 80' lang='lat' dir='ltr'>s,</span> <span class='ocrx_word' id='word_1_473' title='bbox 667 2943 754 2986; x_wconf 80' lang='lat'>151,</span> <span class='ocrx_word' id='word_1_474' title='bbox 787 2944 852 2977; x_wconf 79' lang='lat' dir='ltr'>der</span> <span class='ocrx_word' id='word_1_475' title='bbox 882 2943 961 2976; x_wconf 79' lang='lat' dir='ltr'>hier</span> <span class='ocrx_word' id='word_1_476' title='bbox 991 2943 1051 2978; x_wconf 81' lang='lat' dir='ltr'>die</span> <span class='ocrx_word' id='word_1_477' title='bbox 1084 2943 1242 2979; x_wconf 82' lang='lat' dir='ltr'>Cronica</span> <span class='ocrx_word' id='word_1_478' title='bbox 1272 2942 1464 2979; x_wconf 69' lang='lat' dir='ltr'>Saxonum</span> <span class='ocrx_word' id='word_1_479' title='bbox 1503 2942 1602 2978; x_wconf 74' lang='lat' dir='ltr'>nicht</span> <span class='ocrx_word' id='word_1_480' title='bbox 1632 2943 1749 2987; x_wconf 80' lang='lat' dir='ltr'>citirt,</span> <span class='ocrx_word' id='word_1_481' title='bbox 1787 2943 1864 2977; x_wconf 82' lang='lat' dir='ltr'>und</span> <span class='ocrx_word' id='word_1_482' title='bbox 1901 2955 1971 2978; x_wconf 71' lang='lat' dir='ltr'>aus</span> <span class='ocrx_word' id='word_1_483' title='bbox 1997 2943 2164 2978; x_wconf 78' lang='lat' dir='ltr'>welehem</span> <span class='ocrx_word' id='word_1_484' title='bbox 2204 2942 2264 2978; x_wconf 82' lang='lat' dir='ltr'>die</span> <span class='ocrx_word' id='word_1_485' title='bbox 2292 2946 2405 2978; x_wconf 77' lang='lat' dir='ltr'>worte</span> 
     </span>
     <span class='ocr_line' id='line_1_41' title="bbox 233 3010 2464 3058; baseline 0 -10"><span class='ocrx_word' id='word_1_486' title='bbox 233 3022 269 3048; x_wconf 82' lang='lat' dir='ltr'>ct</span> <span class='ocrx_word' id='word_1_487' title='bbox 302 3013 491 3047; x_wconf 79' lang='lat' dir='ltr'>Hem-iens</span> <span class='ocrx_word' id='word_1_488' title='bbox 528 3030 573 3035; x_wconf 88' lang='lat'><strong>—</strong></span> <span class='ocrx_word' id='word_1_489' title='bbox 608 3011 710 3056; x_wconf 74' lang='lat' dir='ltr'>regis</span> <span class='ocrx_word' id='word_1_490' title='bbox 741 3010 789 3044; x_wconf 80' lang='lat' dir='ltr'>im</span> <span class='ocrx_word' id='word_1_491' title='bbox 820 3014 914 3045; x_wconf 66' lang='lat' dir='ltr'>texte</span> <span class='ocrx_word' id='word_1_492' title='bbox 943 3015 1094 3056; x_wconf 68' lang='lat' dir='ltr'>erqc&#39;a&#39;nzt</span> <span class='ocrx_word' id='word_1_493' title='bbox 1124 3011 1220 3048; x_wconf 70' lang='lat' dir='ltr'>sind.</span> <span class='ocrx_word' id='word_1_494' title='bbox 1335 3011 1375 3057; x_wconf 78' lang='lat'>2)</span> <span class='ocrx_word' id='word_1_495' title='bbox 1410 3011 1526 3046; x_wconf 83' lang='lat' dir='ltr'>Ueber</span> <span class='ocrx_word' id='word_1_496' title='bbox 1555 3012 1616 3047; x_wconf 82' lang='lat' dir='ltr'>die</span> <span class='ocrx_word' id='word_1_497' title='bbox 1642 3011 1854 3058; x_wconf 71' lang='lat' dir='ltr'>9enealoqie</span> <span class='ocrx_word' id='word_1_498' title='bbox 1883 3012 1949 3046; x_wconf 82' lang='lat' dir='ltr'>der</span> <span class='ocrx_word' id='word_1_499' title='bbox 1983 3010 2125 3055; x_wconf 83' lang='lat' dir='ltr'>Welfen</span> <span class='ocrx_word' id='word_1_500' title='bbox 2161 3011 2237 3057; x_wconf 74' lang='lat' dir='ltr'>vql.</span> <span class='ocrx_word' id='word_1_501' title='bbox 2266 3010 2401 3048; x_wconf 77' lang='lat' dir='ltr'>Heinr.</span> <span class='ocrx_word' id='word_1_502' title='bbox 2427 3025 2464 3049; x_wconf 81' lang='lat'>40</span> 
     </span>
     <span class='ocr_line' id='line_1_42' title="bbox 233 3077 2402 3125; baseline -0.001 -11"><span class='ocrx_word' id='word_1_503' title='bbox 233 3081 414 3124; x_wconf 49' lang='lat' dir='ltr'>Her-ford.</span> <span class='ocrx_word' id='word_1_504' title='bbox 447 3091 489 3114; x_wconf 75' lang='lat' dir='ltr'>ex</span> <span class='ocrx_word' id='word_1_505' title='bbox 524 3078 639 3116; x_wconf 69' lang='lat' dir='ltr'>Croti.</span> <span class='ocrx_word' id='word_1_506' title='bbox 674 3079 759 3115; x_wconf 70' lang='lat' dir='ltr'>Sax,</span> <span class='ocrx_word' id='word_1_507' title='bbox 791 3091 819 3111; x_wconf 77' lang='lat' dir='ltr'>s.</span> <span class='ocrx_word' id='word_1_508' title='bbox 847 3078 936 3115; x_wconf 81' lang='lat'>155.</span> <span class='ocrx_word' id='word_1_509' title='bbox 964 3078 1054 3112; x_wconf 74' lang='lat'>156.</span> <span class='ocrx_word' id='word_1_510' title='bbox 1185 3079 1224 3125; x_wconf 86' lang='grc'>3)</span> <span class='ocrx_word' id='word_1_511' title='bbox 1261 3079 1338 3113; x_wconf 85' lang='lat' dir='ltr'>Die</span> <span class='ocrx_word' id='word_1_512' title='bbox 1366 3078 1546 3125; x_wconf 70' lang='lat' dir='ltr'>folyende</span> <span class='ocrx_word' id='word_1_513' title='bbox 1576 3079 1775 3125; x_wconf 72' lang='lat' dir='ltr'>erzc&#39;c&#39;hluny</span> <span class='ocrx_word' id='word_1_514' title='bbox 1814 3082 2016 3113; x_wconf 74' lang='lat' dir='ltr'>entstammt</span> <span class='ocrx_word' id='word_1_515' title='bbox 2053 3079 2133 3114; x_wconf 82' lang='lat' dir='ltr'>dem</span> <span class='ocrx_word' id='word_1_516' title='bbox 2171 3077 2267 3115; x_wconf 83' lang='lat' dir='ltr'>Ann.</span> <span class='ocrx_word' id='word_1_517' title='bbox 2297 3077 2402 3114; x_wconf 71' lang='lat' dir='ltr'>Samo</span> 
     </span>
     <span class='ocr_line' id='line_1_43' title="bbox 235 3143 2402 3191; baseline -0.002 -8"><span class='ocrx_word' id='word_1_518' title='bbox 235 3149 351 3191; x_wconf 70' lang='lat'>1126,</span> <span class='ocrx_word' id='word_1_519' title='bbox 383 3162 410 3183; x_wconf 70' lang='lat' dir='ltr'>s.</span> <span class='ocrx_word' id='word_1_520' title='bbox 438 3147 528 3190; x_wconf 70' lang='lat'>764,</span> <span class='ocrx_word' id='word_1_521' title='bbox 559 3148 649 3181; x_wconf 66' lang='lat' dir='ltr'>&lt;lor-h</span> <span class='ocrx_word' id='word_1_522' title='bbox 681 3147 727 3181; x_wconf 65' lang='lat' dir='ltr'>ist</span> <span class='ocrx_word' id='word_1_523' title='bbox 758 3146 809 3180; x_wconf 71' lang='lat' dir='ltr'>sir:</span> <span class='ocrx_word' id='word_1_524' title='bbox 838 3146 920 3180; x_wconf 68' lang='lat' dir='ltr'>sehr</span> <span class='ocrx_word' id='word_1_525' title='bbox 950 3146 1115 3180; x_wconf 47' lang='lat' dir='ltr'>verli-arxi</span> <span class='ocrx_word' id='word_1_526' title='bbox 1145 3146 1221 3180; x_wconf 85' lang='lat' dir='ltr'>und</span> <span class='ocrx_word' id='word_1_527' title='bbox 1242 3145 1396 3189; x_wconf 83' lang='lat' dir='ltr'>formell</span> <span class='ocrx_word' id='word_1_528' title='bbox 1425 3147 1502 3181; x_wconf 82' lang='lat' dir='ltr'>und</span> <span class='ocrx_word' id='word_1_529' title='bbox 1531 3147 1625 3182; x_wconf 73' lang='lat' dir='ltr'>auch</span> <span class='ocrx_word' id='word_1_530' title='bbox 1653 3146 1817 3181; x_wconf 66' lang='lat' dir='ltr'>sac-lilioli</span> <span class='ocrx_word' id='word_1_531' title='bbox 1845 3146 2056 3182; x_wconf 74' lang='lat' dir='ltr'>vercindert.</span> <span class='ocrx_word' id='word_1_532' title='bbox 2123 3146 2205 3179; x_wconf 86' lang='lat' dir='ltr'>Der</span> <span class='ocrx_word' id='word_1_533' title='bbox 2233 3143 2402 3179; x_wconf 59' lang='lat' dir='ltr'>Annalis&amp;</span> 
     </span>
     <span class='ocr_line' id='line_1_44' title="bbox 232 3210 2402 3263; baseline -0.002 -13"><span class='ocrx_word' id='word_1_534' title='bbox 232 3217 397 3263; x_wconf 65' lang='lat' dir='ltr'>beyivmt:</span> <span class='ocrx_word' id='word_1_535' title='bbox 428 3215 619 3260; x_wconf 80' lang='lat' dir='ltr'>Tempore</span> <span class='ocrx_word' id='word_1_536' title='bbox 651 3214 703 3259; x_wconf 85' lang='lat' dir='ltr'>pii</span> <span class='ocrx_word' id='word_1_537' title='bbox 735 3212 930 3247; x_wconf 76' lang='lat' dir='ltr'>Ludewici</span> <span class='ocrx_word' id='word_1_538' title='bbox 961 3210 1027 3246; x_wconf 85' lang='lat' dir='ltr'>filii</span> <span class='ocrx_word' id='word_1_539' title='bbox 1060 3211 1212 3257; x_wconf 80' lang='lat' dir='ltr'>Kamli,</span> <span class='ocrx_word' id='word_1_540' title='bbox 1251 3213 1324 3247; x_wconf 79' lang='lat' dir='ltr'>ihm</span> <span class='ocrx_word' id='word_1_541' title='bbox 1347 3213 1476 3256; x_wconf 71' lang='lat' dir='ltr'>selden</span> <span class='ocrx_word' id='word_1_542' title='bbox 1506 3214 1566 3248; x_wconf 85' lang='lat' dir='ltr'>die</span> <span class='ocrx_word' id='word_1_543' title='bbox 1595 3218 1706 3249; x_wconf 78' lang='lat' dir='ltr'>worte</span> <span class='ocrx_word' id='word_1_544' title='bbox 1736 3213 1774 3248; x_wconf 91' lang='lat' dir='ltr'>in</span> <span class='ocrx_word' id='word_1_545' title='bbox 1806 3212 1867 3247; x_wconf 88' lang='lat' dir='ltr'>die</span> <span class='ocrx_word' id='word_1_546' title='bbox 1906 3212 2040 3248; x_wconf 86' lang='lat' dir='ltr'>estatis</span> <span class='ocrx_word' id='word_1_547' title='bbox 2070 3212 2298 3258; x_wconf 86' lang='lat' dir='ltr'>longissima</span> <span class='ocrx_word' id='word_1_548' title='bbox 2326 3212 2402 3246; x_wconf 77' lang='lat' dir='ltr'>und</span> 
     </span>
     <span class='ocr_line' id='line_1_45' title="bbox 232 3279 2398 3325; baseline -0.002 -8"><span class='ocrx_word' id='word_1_549' title='bbox 232 3294 314 3317; x_wconf 86' lang='lat' dir='ltr'>eum</span> <span class='ocrx_word' id='word_1_550' title='bbox 347 3283 485 3318; x_wconf 84' lang='lat' dir='ltr'>ducatu</span> <span class='ocrx_word' id='word_1_551' title='bbox 517 3282 695 3317; x_wconf 81' lang='lat' dir='ltr'>Bavarie.</span> <span class='ocrx_word' id='word_1_552' title='bbox 739 3281 831 3315; x_wconf 72' lang='lat' dir='ltr'>(121.er</span> <span class='ocrx_word' id='word_1_553' title='bbox 871 3280 963 3314; x_wconf 56' lang='lat' dir='ltr'>{isset</span> <span class='ocrx_word' id='word_1_554' title='bbox 1008 3291 1047 3314; x_wconf 85' lang='lat' dir='ltr'>er</span> <span class='ocrx_word' id='word_1_555' title='bbox 1086 3280 1156 3314; x_wconf 84' lang='lat' dir='ltr'>den</span> <span class='ocrx_word' id='word_1_556' title='bbox 1186 3280 1366 3315; x_wconf 76' lang='lat' dir='ltr'>Heinrich</span> <span class='ocrx_word' id='word_1_557' title='bbox 1396 3280 1479 3315; x_wconf 75' lang='lat' dir='ltr'>lcein</span> <span class='ocrx_word' id='word_1_558' title='bbox 1510 3280 1753 3325; x_wconf 83' lang='lat' dir='ltr'>curriculum,</span> <span class='ocrx_word' id='word_1_559' title='bbox 1785 3281 1944 3316; x_wconf 78' lang='lat' dir='ltr'>eondern</span> <span class='ocrx_word' id='word_1_560' title='bbox 1974 3280 2032 3315; x_wconf 81' lang='lat' dir='ltr'>ein</span> <span class='ocrx_word' id='word_1_561' title='bbox 2061 3283 2230 3314; x_wconf 85' lang='lat' dir='ltr'>aratrum</span> <span class='ocrx_word' id='word_1_562' title='bbox 2259 3279 2398 3314; x_wconf 78' lang='lat' dir='ltr'>herum-</span> 
     </span>
    </p>
   </div>
   <div class='ocr_carea' id='block_1_5' title="bbox 222 3344 2460 3529">
    <p class='ocr_par' dir='ltr' id='par_1_8' title="bbox 222 3344 2460 3529">
     <span class='ocr_line' id='line_1_46' title="bbox 222 3344 2460 3396; baseline -0.001 -13"><span class='ocrx_word' id='word_1_563' title='bbox 222 3350 374 3393; x_wconf 65' lang='lat' dir='ltr'>fzihren.</span> <span class='ocrx_word' id='word_1_564' title='bbox 491 3351 530 3396; x_wconf 87' lang='grc'>4)</span> <span class='ocrx_word' id='word_1_565' title='bbox 561 3350 654 3385; x_wconf 70' lang='lat' dir='ltr'>Anu,</span> <span class='ocrx_word' id='word_1_566' title='bbox 687 3349 790 3383; x_wconf 68' lang='lat' dir='ltr'>Saxo</span> <span class='ocrx_word' id='word_1_567' title='bbox 830 3362 858 3383; x_wconf 70' lang='lat' dir='ltr'>s.</span> <span class='ocrx_word' id='word_1_568' title='bbox 884 3347 974 3384; x_wconf 73' lang='lat'>744.</span> <span class='ocrx_word' id='word_1_569' title='bbox 1100 3347 1138 3393; x_wconf 85' lang='grc'>5)</span> <span class='ocrx_word' id='word_1_570' title='bbox 1168 3348 1325 3382; x_wconf 78' lang='lat' dir='ltr'>Ebenda</span> <span class='ocrx_word' id='word_1_571' title='bbox 1355 3359 1385 3384; x_wconf 83' lang='lat'>8.</span> <span class='ocrx_word' id='word_1_572' title='bbox 1405 3347 1496 3382; x_wconf 79' lang='lat'>764.</span> <span class='ocrx_word' id='word_1_573' title='bbox 1564 3348 1643 3394; x_wconf 69' lang='lat' dir='ltr'>Vyz.</span> <span class='ocrx_word' id='word_1_574' title='bbox 1681 3348 1816 3383; x_wconf 77' lang='lat' dir='ltr'>Heinr.</span> <span class='ocrx_word' id='word_1_575' title='bbox 1847 3347 2032 3392; x_wconf 84' lang='lat' dir='ltr'>Herford.</span> <span class='ocrx_word' id='word_1_576' title='bbox 2072 3358 2117 3382; x_wconf 83' lang='lat' dir='ltr'>ex</span> <span class='ocrx_word' id='word_1_577' title='bbox 2158 3345 2273 3382; x_wconf 86' lang='lat' dir='ltr'>Cron.</span> <span class='ocrx_word' id='word_1_578' title='bbox 2311 3344 2397 3383; x_wconf 84' lang='lat' dir='ltr'>Sax.</span> <span class='ocrx_word' id='word_1_579' title='bbox 2423 3361 2460 3386; x_wconf 80' lang='lat'>45</span> 
     </span>
     <span class='ocr_line' id='line_1_47' title="bbox 230 3413 2397 3463; baseline -0.001 -11"><span class='ocrx_word' id='word_1_580' title='bbox 230 3432 259 3454; x_wconf 73' lang='lat' dir='ltr'>s.</span> <span class='ocrx_word' id='word_1_581' title='bbox 285 3418 374 3454; x_wconf 68' lang='lat'>13⁴3.</span> <span class='ocrx_word' id='word_1_582' title='bbox 457 3417 494 3463; x_wconf 87' lang='grc'>6)</span> <span class='ocrx_word' id='word_1_583' title='bbox 526 3417 696 3451; x_wconf 65' lang='grc' dir='ltr'><strong>Β1“ε.ε·εῖ1]ε</strong></span> <span class='ocrx_word' id='word_1_584' title='bbox 719 3416 858 3461; x_wconf 71' lang='lat' dir='ltr'>phrase</span> <span class='ocrx_word' id='word_1_585' title='bbox 888 3416 988 3450; x_wconf 74' lang='lat' dir='ltr'>kehrt</span> <span class='ocrx_word' id='word_1_586' title='bbox 1020 3427 1049 3449; x_wconf 83' lang='lat' dir='ltr'>e.</span> <span class='ocrx_word' id='word_1_587' title='bbox 1075 3415 1121 3449; x_wconf 84' lang='lat'>17</span> <span class='ocrx_word' id='word_1_588' title='bbox 1155 3415 1213 3450; x_wconf 83' lang='lat' dir='ltr'>bei</span> <span class='ocrx_word' id='word_1_589' title='bbox 1247 3413 1328 3450; x_wconf 77' lang='lat' dir='ltr'>Otto</span> <span class='ocrx_word' id='word_1_590' title='bbox 1360 3415 1439 3449; x_wconf 81' lang='lat' dir='ltr'>dem</span> <span class='ocrx_word' id='word_1_591' title='bbox 1463 3415 1573 3450; x_wconf 82' lang='lat' dir='ltr'>kinde</span> <span class='ocrx_word' id='word_1_592' title='bbox 1600 3416 1747 3453; x_wconf 78' lang='lat' dir='ltr'>wieder.</span> <span class='ocrx_word' id='word_1_593' title='bbox 1828 3415 1865 3461; x_wconf 82' lang='lat'>7)</span> <span class='ocrx_word' id='word_1_594' title='bbox 1896 3415 2072 3450; x_wconf 73' lang='lat' dir='ltr'>Konrads</span> <span class='ocrx_word' id='word_1_595' title='bbox 2100 3426 2172 3450; x_wconf 86' lang='lat' dir='ltr'>von</span> <span class='ocrx_word' id='word_1_596' title='bbox 2190 3413 2397 3458; x_wconf 70' lang='lat' dir='ltr'>Zdrinyen.</span> 
     </span>
     <span class='ocr_line' id='line_1_48' title="bbox 234 3481 2399 3529; baseline -0.002 -11"><span class='ocrx_word' id='word_1_597' title='bbox 234 3486 270 3529; x_wconf 60' lang='lat'>8)</span> <span class='ocrx_word' id='word_1_598' title='bbox 303 3484 479 3518; x_wconf 60' lang='lat' dir='ltr'>Heinrich</span> <span class='ocrx_word' id='word_1_599' title='bbox 519 3484 668 3517; x_wconf 64' lang='lat' dir='ltr'>Bora-in</span> <span class='ocrx_word' id='word_1_600' title='bbox 714 3495 782 3518; x_wconf 74' lang='lat'><em>⁷:072</em></span> <span class='ocrx_word' id='word_1_601' title='bbox 812 3483 1070 3528; x_wconf 64' lang='lat' dir='ltr'>Illelslenbury.</span> <span class='ocrx_word' id='word_1_602' title='bbox 1215 3482 1253 3528; x_wconf 88' lang='lat'>9)</span> <span class='ocrx_word' id='word_1_603' title='bbox 1293 3482 1370 3516; x_wconf 87' lang='lat' dir='ltr'>Die</span> <span class='ocrx_word' id='word_1_604' title='bbox 1409 3482 1636 3528; x_wconf 69' lang='lat' dir='ltr'>reilzenfolye</span> <span class='ocrx_word' id='word_1_605' title='bbox 1663 3482 1711 3517; x_wconf 74' lang='lat' dir='ltr'>ist</span> <span class='ocrx_word' id='word_1_606' title='bbox 1749 3483 1958 3528; x_wconf 70' lang='lat' dir='ltr'>unriekti95</span> <span class='ocrx_word' id='word_1_607' title='bbox 1997 3481 2178 3516; x_wconf 77' lang='lat' dir='ltr'>Heinrich</span> <span class='ocrx_word' id='word_1_608' title='bbox 2218 3492 2296 3516; x_wconf 81' lang='lat' dir='ltr'>war</span> <span class='ocrx_word' id='word_1_609' title='bbox 2333 3481 2399 3515; x_wconf 86' lang='lat' dir='ltr'>der</span> 
     </span>
    </p>
   </div>
   <div class='ocr_carea' id='block_1_6' title="bbox 233 3541 2456 3728">
    <p class='ocr_par' dir='ltr' id='par_1_9' title="bbox 233 3541 2456 3728">
     <span class='ocr_line' id='line_1_49' title="bbox 233 3541 2398 3596; baseline -0.002 -12"><span class='ocrx_word' id='word_1_610' title='bbox 233 3552 359 3587; x_wconf 57' lang='lat' dir='ltr'>altere.</span> <span class='ocrx_word' id='word_1_611' title='bbox 479 3552 542 3596; x_wconf 50' lang='lat' dir='ltr'>lo,</span> <span class='ocrx_word' id='word_1_612' title='bbox 573 3551 735 3593; x_wconf 74' lang='lat' dir='ltr'>Alienor,</span> <span class='ocrx_word' id='word_1_613' title='bbox 765 3550 950 3595; x_wconf 51' lang='lat' dir='ltr'>‚rsemahlin</span> <span class='ocrx_word' id='word_1_614' title='bbox 979 3548 1121 3592; x_wconf 69' lang='lat' dir='ltr'>Alfone&#39;</span> <span class='ocrx_word' id='word_1_615' title='bbox 1146 3548 1254 3586; x_wconf 90' lang='lat' dir='ltr'><strong><em>VIII.</em></strong></span> <span class='ocrx_word' id='word_1_616' title='bbox 1373 3549 1438 3596; x_wconf 84' lang='lat'>11)</span> <span class='ocrx_word' id='word_1_617' title='bbox 1467 3541 1564 3584; x_wconf 64' lang='lat' dir='ltr'>HJer</span> <span class='ocrx_word' id='word_1_618' title='bbox 1583 3549 1714 3594; x_wconf 76' lang='lat' dir='ltr'>selden</span> <span class='ocrx_word' id='word_1_619' title='bbox 1742 3550 1802 3584; x_wconf 84' lang='lat' dir='ltr'>die</span> <span class='ocrx_word' id='word_1_620' title='bbox 1831 3554 1942 3585; x_wconf 79' lang='lat' dir='ltr'>worte</span> <span class='ocrx_word' id='word_1_621' title='bbox 1978 3548 2065 3584; x_wconf 86' lang='lat' dir='ltr'>avia</span> <span class='ocrx_word' id='word_1_622' title='bbox 2093 3547 2198 3594; x_wconf 86' lang='lat' dir='ltr'>regis</span> <span class='ocrx_word' id='word_1_623' title='bbox 2226 3545 2398 3592; x_wconf 83' lang='lat' dir='ltr'>Philippi</span> 
     </span>
     <span class='ocr_line' id='line_1_50' title="bbox 234 3614 2394 3663; baseline -0.001 -12"><span class='ocrx_word' id='word_1_624' title='bbox 234 3619 320 3652; x_wconf 71' lang='lat' dir='ltr'>oder</span> <span class='ocrx_word' id='word_1_625' title='bbox 336 3618 450 3663; x_wconf 66' lang='lat' dir='ltr'>derql.</span> <span class='ocrx_word' id='word_1_626' title='bbox 511 3619 563 3651; x_wconf 66' lang='lat' dir='ltr'>Ee</span> <span class='ocrx_word' id='word_1_627' title='bbox 594 3618 636 3651; x_wconf 61' lang='lat' dir='ltr'>ist</span> <span class='ocrx_word' id='word_1_628' title='bbox 658 3617 807 3661; x_wconf 76' lang='lat' dir='ltr'>Philipp</span> <span class='ocrx_word' id='word_1_629' title='bbox 828 3617 904 3653; x_wconf 88' lang='lat' dir='ltr'>III.</span> <span class='ocrx_word' id='word_1_630' title='bbox 954 3616 1243 3654; x_wconf 80' lang='lat'>1270—1285.</span> <span class='ocrx_word' id='word_1_631' title='bbox 1333 3616 1398 3662; x_wconf 80' lang='lat'>12)</span> <span class='ocrx_word' id='word_1_632' title='bbox 1419 3616 1514 3652; x_wconf 74' lang='lat' dir='ltr'>Dies</span> <span class='ocrx_word' id='word_1_633' title='bbox 1533 3616 1581 3652; x_wconf 76' lang='lat' dir='ltr'>ist</span> <span class='ocrx_word' id='word_1_634' title='bbox 1601 3618 1671 3653; x_wconf 81' lang='lat' dir='ltr'>wol</span> <span class='ocrx_word' id='word_1_635' title='bbox 1691 3617 1747 3652; x_wconf 82' lang='lat' dir='ltr'>ein</span> <span class='ocrx_word' id='word_1_636' title='bbox 1767 3617 1947 3660; x_wconf 75' lang='lat' dir='ltr'>irrthum,·</span> <span class='ocrx_word' id='word_1_637' title='bbox 1976 3615 2125 3651; x_wconf 72' lang='lat' dir='ltr'>Albrz‘clz</span> <span class='ocrx_word' id='word_1_638' title='bbox 2145 3614 2218 3650; x_wconf 85' lang='lat' dir='ltr'>SS.</span> <span class='ocrx_word' id='word_1_639' title='bbox 2237 3614 2394 3656; x_wconf 90' lang='lat' dir='ltr'><strong><em>XXIII,</em></strong></span> 
     </span>
     <span class='ocr_line' id='line_1_51' title="bbox 235 3683 2456 3728; baseline -0.002 -9"><span class='ocrx_word' id='word_1_640' title='bbox 235 3685 311 3719; x_wconf 77' lang='lat'>862</span> <span class='ocrx_word' id='word_1_641' title='bbox 344 3690 449 3719; x_wconf 65' lang='lat' dir='ltr'>nem-12</span> <span class='ocrx_word' id='word_1_642' title='bbox 481 3698 549 3720; x_wconf 73' lang='lat' dir='ltr'>nur</span> <span class='ocrx_word' id='word_1_643' title='bbox 579 3685 659 3718; x_wconf 51' lang='lat' dir='ltr'>&lt;lt-ei</span> <span class='ocrx_word' id='word_1_644' title='bbox 687 3685 825 3719; x_wconf 58' lang='lat' dir='ltr'>t‘l’ehter</span> <span class='ocrx_word' id='word_1_645' title='bbox 855 3684 1051 3718; x_wconf 71' lang='lat' dir='ltr'>Heinrichs</span> <span class='ocrx_word' id='word_1_646' title='bbox 1067 3683 1121 3718; x_wconf 89' lang='lat' dir='ltr'>H.</span> <span class='ocrx_word' id='word_1_647' title='bbox 2421 3701 2456 3728; x_wconf 82' lang='lat'>50</span> 
     </span>
    </p>
   </div>
  </div>
 </body>
</html>
