2594 3943
152 927 187 952 10

151 1270 186 1295 15

150 1610 188 1636 20

151 1951 187 1977 25

858 182 1086 221 CRONICA
1118 182 1305 219 DUCUM
1336 182 1408 217 DE
1437 182 1764 220 BRUNSWICK.
2319 179 2398 220 581

215 301 492 358 profuturum.
542 300 649 341 Avis
679 301 908 342 remittitur
937 308 978 342 et
1009 308 1217 342 secretum
1248 299 1327 341 hiis
1349 299 1491 341 verbis
1513 299 1760 341 familiarius
1781 302 1986 355 aperitur:
2020 301 2244 342 ‘Dominus
2265 308 2404 343 vester

216 384 314 411 cum
345 370 400 410 sit
428 370 541 425 regis
571 370 707 410 nostri
738 376 779 411 ct
808 369 992 410 filiorum
1023 383 1198 410 suorum
1226 368 1366 408 affinis
1398 374 1439 409 et
1469 369 1818 423 consangwincus
1830 376 1859 421 ²¹,
1899 369 1952 410 ad
1982 369 2220 410 faciendam
2252 384 2403 425 pacem

215 435 372 489 flexus,
410 435 462 477 de
491 444 634 478 vestra
665 438 910 479 constancia
939 437 1220 492 pertimescit,
1259 443 1306 477 ut
1336 436 1371 476 si
1400 436 1595 476 inimicos
1625 437 1830 488 viceritis,
1872 451 1990 477 arma
2030 438 2073 477 in
2103 438 2243 492 ipsum
2285 444 2325 479 et
2360 438 2404 477 111

215 519 315 546 81108
346 505 484 546 800108
515 506 783 547 convertatis.
843 504 1066 547 Ambobus
1096 505 1228 560 igitur
1255 504 1428 559 regibus
1460 519 1558 545 cum
1591 504 1782 545 exercitu
1813 519 1888 545 suo
1921 513 2067 546 contra
2090 520 2165 545 vos
2187 506 2404 561 insurgen-

215 571 351 625 tibus,
392 587 516 614 mane
547 573 848 628 experiemini,
891 573 1006 630 quod
1040 579 1189 628 treuge
1226 572 1335 613 facte
1375 572 1418 612 in
1440 571 1677 627 periculum
1708 572 1829 613 vobis
1868 573 2041 615 cedent'.
2102 574 2197 614 Hiis
2229 574 2401 625 auditis,

215 640 408 682 Saxones
439 641 637 682 recedere
677 640 996 697 disposuerunt,
1038 640 1112 682 sed
1153 640 1205 682 de
1237 639 1414 681 consilio
1453 639 1677 680 cuiusdam
1710 640 1821 680 senis
1861 649 1901 681 et
1940 641 2113 693 nobilis,
2151 657 2202 682 ne
2243 642 2404 683 crimen

213 709 482 764 imponerent
511 709 644 764 glorie
676 724 770 762 sue,
809 709 876 750 die
914 708 984 750 illa
1013 716 1164 764 treuga
1196 709 1403 760 servatab,
1442 722 1566 748 mane
1603 707 1744 748 hostes
1781 707 1986 749 hostiliter
2017 708 2222 750 invadunt
2269 716 2309 750 et
2353 709 2405 750 de

213 775 470 829 hominibus,
492 776 721 833 pecoribus
744 782 785 819 et
805 776 857 818 de
880 776 1076 818 omnibus
1098 777 1141 816 in
1162 776 1404 817 municione
1426 775 1607 816 inventis
1621 783 1636 801 ⁰
1659 775 1868 828 occidunt,
1895 775 2079 831 spoliant
2100 782 2139 817 et
2161 776 2405 817 incendunt.

216 843 313 896 Quo
344 844 455 886 facto
486 845 540 886 ad
571 860 715 901 regem
746 860 869 886 suum
901 844 1099 897 redeunt,
1142 859 1217 885 suo
1249 843 1398 885 honori
1437 850 1479 884 et
1506 843 1652 884 virtuti
1693 844 2021 898 congaudentes.
2081 845 2261 900 Propter
2292 844 2406 899 quod

215 912 415 954 salarium
446 928 470 954 a
500 928 599 969 rege
629 914 899 969 promissum,
936 919 1092 954 terram
1121 912 1334 968 recipiunt
1362 911 1692 966 Thuringorum.
1752 911 1876 953 Anno
1916 912 2077 953 domini
2107 914 2201 966 534,
2241 914 2278 954 7.
2309 911 2406 953 Kal.

216 980 414 1023 Octobris
436 980 548 1022 facta
568 988 631 1022 est
650 996 675 1022 a
697 982 942 1023 Saxonibus
965 981 1121 1022 occisio
1144 980 1473 1035 Thuringorum.
1534 979 1627 1020 Hec
1650 994 1750 1034 ergo
1779 979 1867 1021 (1108
1897 980 2086 1033 victorie,
2118 979 2201 1021 leta
2231 986 2271 1021 et
2302 979 2407 1021 cele-

213 1048 301 1091 bris
333 1049 449 1105 apud
482 1049 674 1091 Saxones
706 1050 987 1091 communiter
1016 1048 1179 1101 habita,
1219 1063 1465 1090 communes
1493 1047 1754 1089 dicebaturd.
1813 1047 1937 1089 Unde
1968 1048 2021 1089 ad
2052 1048 2131 1089 1100
2163 1063 2407 1089 0011111111ηο8

211 1117 411 1159 dicuntur
441 1117 544 1171 dies,
576 1118 651 1174 qui
680 1118 723 1158 in
754 1116 933 1159 Octobri
964 1124 1199 1169 servantm,
1229 1124 1276 1158 ut
1308 1115 1588 1158 observancia
1617 1117 1911 1172 superstitiosa
1930 1116 2170 1169 Saxonum,
2204 1117 2276 1172 qui
2307 1123 2407 1158 tunc

213 1186 373 1242 pagani
404 1193 534 1238 erant,
566 1185 693 1226 modo
724 1186 829 1241 ipsis
862 1185 1080 1228 Christum
1112 1184 1372 1238 colentibus,
1404 1184 1459 1225 ad
1488 1184 1739 1239 religionem
1780 1192 1966 1227 transcat
1995 1185 2180 1241 pietatis.

356 1255 420 1296 10.
479 1253 709 1306 Ekbertus,
730 1253 941 1296 Brunonis
971 1253 1161 1295 defuncti
1188 1253 1330 1306 frater,
1361 1253 1435 1309 qui
1464 1253 1652 1294 marchio
1682 1252 1943 1305 dicebaturl,
1974 1253 2122 1307 genuit
2142 1250 2407 1293 Ekbertum²

213 1328 254 1364 01
275 1321 592 1364 Ghertrudimss.
644 1322 751 1376 Que,
782 1322 982 1364 defuneto
1013 1327 1133 1378 patre
1164 1327 1206 1363 et
1225 1321 1353 1362 fratre
1374 1336 1399 1362 a
1424 1321 1661 1363 fautoribus
1682 1322 1851 1376 imperii
1872 1321 2106 1372 interfecto,
2134 1320 2408 1362 hereditatem

212 1390 257 1431 in
286 1390 547 1446 Brunswigk
579 1390 773 1432 obtinuit.
836 1391 917 1433 Cui
947 1390 1084 1432 fidelis
1116 1397 1206 1432 erat
1235 1390 1343 1431 inter
1373 1388 1477 1430 alios
1510 1389 1808 1431 ministeriales
1831 1389 2120 1431 widekindus
2152 1388 2203 1429 dc
2226 1387 2283 1428 W
2286 1386 2409 1429 ulfer-

211 1458 350 1512 butle,
380 1474 488 1500 avus
518 1459 721 1512 Ekberti,
751 1460 882 1515 patris
915 1458 1162 1512 Guncelini,
1193 1459 1324 1514 patris
1354 1457 1591 1499 Borchardi
1620 1457 1672 1499 de
1702 1457 1967 1510 Asseborch,
2008 1456 2114 1498 adeo
2146 1463 2193 1497 ut
2223 1470 2300 1512 pro
2331 1462 2408 1496 eae

214 1528 337 1569 obses
367 1533 480 1569 esset
508 1527 687 1569 Himico
709 1528 784 1572 IV.
816 1529 1100 1584 imperatori4.
1161 1526 1296 1583 Cujus
1324 1526 1579 1569 widekindi
1608 1525 1854 1568 fidelitatem
1893 1532 1932 1567 et
1963 1526 2247 1567 constanciam
2279 1524 2410 1579 impe-

212 1601 328 1637 rator
357 1596 450 1650 ipse
482 1597 761 1652 comperiens,
795 1604 981 1638 castrum
1004 1595 1292 1648 Schartvelde,
1325 1594 1534 1636 decimam
1555 1596 1711 1636 montis
1730 1593 1937 1647 Goslarie,
1970 1593 2160 1634 officium
2190 1590 2409 1648 imperiale

214 1664 258 1706 in
289 1663 460 1716 Polede,
493 1665 612 1706 cuius
642 1670 875 1720 proventus
907 1670 1025 1706 erant
1057 1664 1166 1705 1500
1195 1662 1313 1717 libre,
1356 1663 1394 1705 ei
1434 1664 1525 1705 iure
1556 1662 1732 1705 contulit
1761 1662 1959 1719 pheodali
1970 1669 1997 1714 ⁵,
2041 1677 2123 1717 que
2154 1669 2296 1702 tamen
2327 1660 2408 1701 cito

212 1732 424 1774 vacabant
452 1732 645 1788 imperio,
679 1748 776 1774 cum
809 1732 1096 1774 widekindus
1126 1738 1291 1773 tantum
1321 1730 1429 1772 filias
1458 1732 1687 1787 genuisset.
1812 1730 2058 1772 Gertrudiss
2089 1730 2235 1786 nupsit
2266 1728 2409 1770 comiti

212 1800 414 1854 Hinrico,
454 1801 527 1857 qui
556 1802 735 1857 Pinguis
776 1801 1018 1854 dicebatur,
1065 1801 1138 1857 qui
1172 1799 1252 1841 fujt
1290 1799 1401 1840 filius
1433 1799 1603 1842 Ottonis
1643 1800 1695 1841 de
1735 1800 1993 1855 Northeym,
2033 1799 2153 1839 ducis
2195 1796 2409 1853 quondam

216 1868 416 1921 Saxonie,
449 1876 490 1912 et-
520 1877 611 1912 erat
640 1870 692 1912 de
721 1871 927 1927 progenie
949 1869 1097 1912 Sifridi
1128 1869 1294 1910 comitis
1325 1869 1377 1910 de
1398 1868 1713 1922 Bernneborch,
1746 1870 1865 1909 cuius
1896 1867 1982 1919 filii,
2014 1873 2060 1908 ut
2091 1880 2219 1922 supra
2250 1865 2409 1906 dictum

215 1944 291 1992 est,
321 1937 634 1979 Ekkehardum
663 1938 955 1980 marchionem
984 1938 1029 1978 in
1056 1936 1215 1979 Polede
1246 1936 1494 1978 occiderunt
1507 1945 1535 1977 ⁶.

358 2007 423 2047 11.
484 2005 709 2048 Gertrudis
740 2005 793 2048 de
821 2006 1010 2048 Henrico
1041 2006 1187 2061 genuit
1216 2005 1447 2061 Rikysam,
1480 2020 1560 2062 que
1591 2004 1747 2046 tradita
1777 2010 1841 2046 est
1869 2003 2054 2055 Ludere,
2088 2003 2161 2059 qui
2190 2002 2268 2042 fuit
2298 2000 2408 2042 filius

215 2074 488 2116 Ghevehardi
529 2074 581 2116 de
614 2073 1013 2130 Supelingheborch
1024 2083 1053 2128 ⁷,
1094 2081 1136 2116 et
1166 2079 1256 2115 erat
1283 2080 1434 2130 potens
1474 2080 1516 2115 01
1544 2073 1790 2116 industrius,
1849 2072 1919 2113 Ad
1960 2087 2086 2128 quem
2121 2069 2318 2112 devoluta
2349 2075 2411 2111 est

212 2142 424 2185 hereditas
455 2143 508 2185 (10
537 2142 807 2196 Haldesleve,
838 2143 1118 2185 morientibus
1148 2141 1398 2184 Bernhardo
1429 2143 1581 2184 comite
1613 2148 1654 2184 et
1683 2141 1769 2182 filio
1801 2141 1891 2182 eius
1912 2139 2146 2192 Bernardo,
2178 2141 2249 2194 qui
2270 2138 2408 2194 primo

156 2238 162 2241 κ
214 2218 468 2253 conventum
505 2212 807 2253 canonicorum
854 2212 899 2252 in
933 2210 1107 2252 Luttere
1146 2210 1450 2264 fundaverunt,
1498 2210 1570 2266 qui
1604 2216 1767 2266 postea,
1819 2224 1930 2250 anno
1971 2208 2131 2249 domini
2174 2206 2292 2247 1135.
2332 2219 2409 2261 per

149 2294 187 2320 30

151 2635 187 2660 35

152 3065 189 3090 40

153 3409 191 3436 45

213 2280 432 2321 Luderum
463 2286 505 2322 et
533 2280 731 2321 Rikizam
770 2294 950 2321 uxorem
990 2280 1083 2321 eius
1123 2280 1166 2320 in
1196 2277 1430 2320 monachos
1471 2279 1606 2320 sancti
1635 2277 1862 2319 Benedicti
1897 2276 2043 2332 regule
2084 2283 2146 2318 est
2183 2282 2366 2316 mutatus
2380 2279 2407 2314 ⁸.

215 2347 386 2391 Cessitg
415 2350 543 2391 etiam
575 2348 714 2390 eidem
744 2347 912 2389 Ludere
944 2362 1000 2388 ex
1028 2362 1162 2389 uxore
1202 2362 1280 2388 sua
1307 2346 1464 2388 Rikiza
1493 2345 1754 2401 Brunswigk
1789 2345 2001 2387 hereditas
2033 2344 2263 2399 dignitatis.
2324 2342 2409 2394 Qui

214 2417 354 2470 etiam,
395 2416 505 2459 duce
540 2417 727 2459 Saxonie
756 2416 915 2471 Magno
954 2422 1135 2468 mortuo,
1167 2429 1192 2455 a
1221 2430 1319 2471 rege
1340 2414 1529 2456 Heurico
1560 2416 1762 2457 ducatum
1785 2414 1970 2454 Saxonie
2000 2427 2078 2468 pro
2100 2426 2177 2453 sua
2201 2410 2409 2451 industria

213 2490 278 2526 est
306 2484 499 2541 adeptus.
559 2485 748 2526 Henrico
778 2497 880 2525 vero
911 2484 1166 2539 imperatore
1196 2482 1412 2536 defuncto,
1444 2482 1496 2524 de
1526 2482 1768 2539 principum
1799 2496 1975 2522 assensu
2014 2481 2058 2521 in
2086 2479 2313 2535 imperium
2345 2483 2409 2518 est

213 2560 471 2609 assumptus.
527 2552 661 2595 Cuius
691 2559 812 2608 gesta
841 2551 1115 2607 magnificata
1146 2557 1243 2592 sunt
1272 2552 1500 2607 descripta.
1560 2550 1817 2592 Gertrudem
1857 2549 1986 2590 filiam
2011 2563 2132 2589 suam
2169 2563 2223 2589 ex
2252 2545 2408 2587 Rikiza

214 2622 394 2663 Hinrico
426 2621 524 2663 duci
554 2621 736 2663 Bavarie
766 2620 884 2662 dedit
897 2627 925 2674 ⁹,
957 2620 1025 2661 cui
1057 2627 1098 2662 et
1127 2619 1328 2661 ducatum
1351 2619 1538 2661 Saxonie
1569 2618 1746 2660 eontulit
1775 2626 1877 2660 tunc
1906 2623 2143 2658 vacantem.
2197 2614 2405 2666 Luderus,

215 2690 288 2746 qui
317 2696 359 2731 et
387 2690 627 2744 Lotharius,
657 2690 702 2731 in
731 2687 1032 2745 Longobardia
1063 2687 1188 2742 obiit,
1229 2687 1305 2730 sed
1340 2688 1384 2728 in
1416 2687 1604 2729 saxonia
1632 2687 1806 2728 Luttere
1842 2684 2133 2727 tumulatusw.
2192 2683 2280 2725 Ubi
2310 2688 2407 2739 post

361 2815 399 2860 a)
428 2827 605 2859 consagw.
627 2817 680 2851 hs.
779 2815 819 2859 b)
847 2819 974 2859 treuge
1000 2817 1149 2850 servatis
1176 2817 1227 2849 113.
1326 2816 1361 2860 c)
1387 2818 1403 2848 ῑ
1428 2816 1545 2848 11111100
1570 2816 1747 2847 inuemete
1777 2814 1828 2846 hs.
1924 2812 1961 2854 d)
1988 2813 2044 2844 De
2067 2811 2309 2845 communibus
2337 2820 2405 2852 que

216 2882 405 2912 servantur
431 2878 612 2911 dominica
646 2882 728 2922 post
751 2877 941 2911 Michaelis
978 2889 1057 2910 cum
1096 2882 1171 2910 tota
1197 2878 1398 2921 septimana
1424 2880 1596 2919 sequente
1631 2876 1692 2908 kat
1725 2875 1800 2907 hier
1835 2873 1911 2907 eine
1948 2874 2079 2906 andere
2106 2873 2204 2905 hand
2241 2872 2295 2905 15.
2323 2871 2406 2903 oder

219 2941 275 2972 16.
294 2940 348 2983 jh.
377 2951 425 2972 an
451 2939 520 2972 den
545 2940 640 2973 rand
663 2938 899 2984 yeschrieben.
1000 2938 1036 2981 e)
1065 2950 1105 2972 eo
1134 2939 1186 2971 113.
1287 2937 1317 2982 f)
1347 2938 1497 2971 ertrudis
1524 2937 1576 2970 hs.
1675 2934 1715 2979 g)
1745 2936 1870 2969 Cesset
1896 2935 1948 2969 hs.

360 3058 396 3105 1)
427 3059 510 3096 ab.
542 3058 635 3092 heim
664 3057 760 3094 Amz.
792 3056 898 3092 Saxo
932 3056 1060 3101 10563
1103 3061 1176 3091 erst
1209 3056 1312 3092 1067
1349 3056 1477 3091 erlzielt
1508 3067 1546 3090 er
1576 3055 1637 3090 die
1665 3054 1773 3089 mark
1802 3054 1977 3088 ZlIez'ssen.
2105 3052 2143 3097 2)
2174 3051 2268 3084 Ama.
2302 3049 2404 3084 Sasco

221 3125 342 3163 1068.
450 3125 490 3172 3)
523 3126 680 3160 Ebenda
706 3125 825 3161 1056.
847 3125 965 3160 1101.
1076 3124 1114 3171 4)
1142 3124 1498 3160 Walzvrsclzeinlieher
1527 3123 1574 3158 ist
1603 3123 1683 3157 hier
1703 3121 1885 3156 Heinrich
1914 3121 1954 3158 V.
1984 3119 2162 3166 9emeiut;
2194 3119 2265 3163 vsjl.
2283 3117 2403 3151 Elcke-

221 3194 318 3229 hard
353 3193 469 3237 1112,
501 3206 531 3228 s.
555 3193 657 3227 247:
692 3192 898 3227 Germ-udis
928 3192 997 3227 illa
1025 3197 1237 3238 prepotens
1267 3203 1338 3238 per
1370 3191 1577 3227 Saxoniam
1608 3191 1724 3225 vidua
1752 3188 1973 3223 violentiam
2015 3199 2054 3222 se
2086 3186 2167 3232 pati
2208 3185 2254 3220 ab
2286 3184 2403 3229 impe-

219 3261 361 3296 ratoris
401 3259 628 3307 preiudiciis
659 3259 862 3295 invasione
902 3261 1127 3306 prediorum
1165 3272 1320 3295 suorum
1362 3259 1597 3295 clamitabat.
1725 3258 1763 3304 5)
1794 3257 1909 3291 Die-se
1938 3255 2130 3290 wachriclzt
2169 3255 2267 3288 kann
2307 3253 2405 3286 nic-lat

217 3330 354 3376 richtiy
383 3329 475 3367 sein.
534 3329 624 3363 Erst
653 3329 798 3363 Lothar
817 3329 895 3363 III.
941 3329 1108 3364 tauselzte
1142 3329 1246 3363 1131
1279 3328 1339 3364 (lie
1361 3328 1460 3373 feste
1489 3325 1710 3370 Scharzfeld
1738 3337 1809 3359 von
1836 3324 2076 3369 Illaydebzzrfs
2107 3322 2180 3366 filr
2209 3323 2277 3356 clas
2306 3320 2403 3354 reich

221 3398 290 3443 ein,
313 3396 470 3442 S'tumpf
496 3396 628 3441 3255;
658 3396 880 3440 Scharzfeld
898 3397 1051 3443 yeho'rte
1072 3397 1152 3431 lant
1174 3396 1275 3432 einer
1293 3396 1524 3442 yefc'ilsclzten
1545 3394 1712 3429 nrt-unde
1737 3391 1837 3426 Ottos
1857 3392 1890 3428 I.
1912 3403 1983 3426 von
2006 3391 2083 3425 952
2117 3388 2288 3434 (Stumpf
2305 3388 2402 3433 211)

219 3479 284 3501 zur
324 3465 423 3501 abtei
460 3465 604 3500 Po'lzlde
651 3465 729 3499 und
765 3464 866 3499 diese
904 3476 984 3500 war
1023 3464 1099 3499 981
1142 3477 1215 3500 von
1260 3464 1342 3500 Otto
1363 3465 1419 3501 II.
1460 3465 1541 3498 dem
1581 3460 1738 3504 er·zst⁷fte
1766 3460 2007 3505 Maqclebury
2044 3458 2249 3503 yescleenlct.
2307 3456 2403 3491 Esau

220 3538 354 3569 micsste
383 3534 463 3569 also
494 3545 545 3568 an
575 3532 887 3567 widerreclztciche
917 3532 1135 3577 occupation
1163 3533 1373 3578 yeistliclzer
1401 3536 1508 3578 yz‘cter
1545 3529 1661 3565 durch
1699 3530 1768 3563 den
1799 3528 1922 3562 kaiser
1951 3527 2101 3561 dent-en.
2248 3525 2284 3571 6)
2323 3525 2402 3569 Vgsl.

221 3602 318 3639 Ann.
349 3602 454 3637 Saxo
487 3601 608 3638 1057.
634 3600 756 3635 1101.
873 3599 911 3647 7)
940 3600 1037 3637 Αηη.
1068 3599 1173 3635 Saxo
1207 3600 1325 3643 1106,
1365 3613 1395 3635 s.
1420 3599 1517 3642 7453
1558 3598 1630 3642 sicr
1660 3597 1738 3631 dies
1775 3597 1851 3630 med
1891 3596 1958 3629 clas
1985 3594 2164 3639 folgsemle
2201 3594 2276 3638 vql.
2309 3593 2402 3627 auch

221 3670 356 3707 Heinr.
379 3669 564 3713 Hewford.
595 3680 640 3703 ex
663 3667 778 3706 Cron.
802 3666 889 3705 SaX.
920 3681 948 3703 3.
975 3668 1070 3706 146.
1156 3668 1195 3716 8)
1224 3668 1322 3702 Anu.
1344 3668 1448 3703 Saxo
1482 3666 1602 3702 1135.
1689 3664 1728 3710 9)
1759 3664 1916 3697 Ebenda
1950 3662 2068 3698 1127.
2160 3661 2224 3707 10)
2245 3661 2402 3695 Εὸεπάα

157 3749 193 3775 50
224 3737 346 3782 1137,
375 3749 404 3775 3.
430 3738 521 3775 775.
582 3738 688 3772 Βα33
718 3737 784 3771 der
815 3736 939 3771 kaiser
967 3736 1006 3770 in
1036 3737 1102 3771 der
1123 3735 1348 3771 Lombardei
1374 3734 1576 3781 gestorhen,
1607 3733 1705 3767 kann
1726 3730 1917 3775 allevsalls
1946 3730 2223 3774 lzerausqclesmz
2245 3729 2400 3765 werden.
